2768 4838
200 243 262 308 120

201 433 279 494 bum.
323 428 489 495 Philodami
512 431 570 512 Ep.
594 427 681 509 XIX,
701 429 738 492 5:
761 430 876 506 παίζειν
899 428 950 495 ὅτε
968 429 1085 514 καιρός.
1132 436 1204 499 Ηοε.
1231 437 1336 519 Epist.

200 535 226 615 1,
252 534 304 614 14,
324 532 386 599 36:
404 551 488 616 „nec
510 534 662 595 lusisse
685 535 795 613 pudet,
824 534 879 595 sed
906 554 964 598 non
995 537 1128 599 incidere
1158 538 1335 602 iudum.“

199 637 279 699 Turn
306 635 344 698 rie
372 637 481 720 quovis
509 636 679 700 carmine
711 633 853 699 hilariore
876 640 1057 717 usurpatur,
1080 642 1113 701 ut
1134 639 1220 701 Piod.
1236 640 1289 703 01.
1306 643 1332 722 Ι,

202 738 260 804 16:
289 731 341 803 οἷα
363 737 559 820 παίζομεν
584 733 823 819 φίλαν·”Ανιλρες
845 735 924 820 ἀμφὶ
953 733 1045 820 θαμά
1076 736 1247 820 τράπεζαν.
1279 745 1333 806 ubi

201 844 311 925 poetas
333 839 431 925 vides,
446 841 496 925 qui
520 858 614 922 saepe
638 841 668 902 in
692 840 845 903 conviviis
868 845 900 904 ct
920 842 1211 904 comissationibus
1235 845 1332 908 iami-

200 946 318 1008 iiariter
339 943 489 1008 coniuncti
511 962 600 1026 quum
628 944 688 1008 aiio
711 945 897 1026 tempestiva
929 944 1015 1006 animi
1047 963 1155 1006 caussa
1185 945 1333 1012 luderent

201 1054 262 1115 tum
286 1047 391 1112 scoiiis
406 1064 442 1109 sc
461 1046 668 1110 oblectarent:
695 1044 996 1128 quotcaiiimacims
1018 1046 1090 1109 uicit
1106 1047 1162 1128 iip.
1176 1045 1231 1111 37.
1251 1049 1330 1135 οἴνῳ

198 1159 304 1239 καίρια
323 1145 583 1235 σνγγελιὶσαι.
615 1149 657 1211 εί.
679 1145 776 1228 Virg.
799 1150 865 1213 iici.
887 1149 911 1230 1,
939 1147 1105 1230 10.,1ior.
1130 1151 1198 1213 Sat.
1223 1149 1249 1230 1,
1276 1151 1330 1232 10,

197 1256 251 1322 37.
297 1255 362 1320 Sed
387 1258 421 1317 ut
442 1253 531 1315 etiam
553 1250 650 1316 aeolia
670 1249 847 1335 pierumque
871 1255 1078 1332 argumentum
1096 1251 1251 1316 habebant
1274 1255 1326 1317 iu-

197 1361 310 1424 dicrum
334 1361 366 1422 et
387 1339 576 1437 amatorium,
595 1354 639 1417 itu
662 1353 781 1430 παίζειν
804 1355 970 1437 praecipue
992 1356 1022 1416 in
1044 1355 1131 1416 iovi
1151 1373 1177 1414 s.
1203 1361 1325 1418 amato·

196 1465 243 1525 rio
273 1475 391 1541 genere
421 1459 581 1522 carminum
609 1456 861 1538 frequentatum>
898 1456 977 1520 vioe
1004 1457 1043 1518 ad
1066 1455 1102 1519 0.
1125 1455 1150 1537 i,
1171 1454 1222 1536 e,
1255 1458 1325 1521 coil.

196 1563 442 1639 Hertnberg.
470 1558 508 1621 aul
533 1557 676 1638 Pauperi.
700 1557 733 1638 i,
756 1558 806 1639 10,
827 1558 857 1624 9.
881 1564 931 1640 ot,
953 1561 1005 1641 qui
1027 1559 1145 1634 παίζειν
1167 1558 1205 1620 de
1230 1564 1323 1623 canto

197 1663 402 1730 veicarmine
422 1660 567 1742 illustrat,
589 1659 736 1723 itui'nir.
758 1662 797 1724 ad
821 1662 900 1724 Tim.
921 1683 952 1744 p.
975 1661 1050 1724 iii.
1094 1660 1203 1742 Neque
1222 1664 1323 1724 tamen

195 1771 266 1833 ideo
288 1767 432 1832 caducum
461 1762 585 1846 aliquod
614 1780 734 1827 carmen
763 1764 991 1842 intelligendum
1023 1766 1088 1845 eet,
1120 1765 1210 1846 quale
1233 1766 1323 1828 Nau-

197 1874 283 1938 ckins
294 1866 324 1955 ¹)
343 1867 454 1948 aliique
470 1864 588 1929 Horatii
608 1866 703 1929 uerba
727 1885 888 1948 perperam
905 1870 1118 1947 construentes
1134 1869 1322 1948 intelligunt.

196 1977 250 2041 Sic
272 1973 348 2036 enim
370 1970 503 2050 Nostro,
536 1968 587 2050 qui
614 1969 645 2030 in
665 1967 713 2030 his
740 1970 831 2031 reims
853 1969 918 2030 iere
944 1970 1079 2031 omnibus
1106 1968 1243 2033 Graecos
1268 1991 1322 2034 se-

196 2079 307 2161 quitur,
330 2073 461 2137 carmina
480 2073 626 2135 vivunt
646 2074 714 2135 sive
736 2073 899 2152 durant,
923 2074 950 2134 si
974 2074 1068 2135 vivax
1094 2091 1193 2133 venons
1208 2072 1321 2155 lepos-

195 2199 255 2265 que
279 2181 308 2240 in
329 2178 366 2238 iis
388 2175 470 2237 insit.
495 2174 694 2238 Pindarus
716 2175 803 2238 Nem.
825 2175 888 2256 lv,
911 2173 949 2238 δε

297 2273 380 2362 ῥῆμα
398 2270 600 2356 δ’ἑργμιὶταιν
623 2273 893 2361 χρονιώτερον
915 2274 1098 2357 βιοτεύει
1155 2290 1159 2296 ’

297 2377 370 2445 ὅτι
391 2399 431 2440 ara
448 2369 518 2441 oria
539 2381 727 2460 Χαρίτων
746 2377 848 2464 ’τύχα
1141 2386 1144 2391 ’

293 2482 419 2566 γλῶσσα
439 2476 551 2565 φρενός
575 2480 670 2556 ἐξέλοι
692 2486 836 2562 βαθείας,
875 2530 879 2539 .
958 2564 961 2571 Ι
1041 2562 1048 2573 .

191 2586 244 2659 nulai
263 2584 473 2667 scholiastes:
502 2576 545 2658 ὣς
570 2579 626 2648 toto
656 2606 692 2664 γε
719 2587 816 2667 χωρὶς
834 2585 992 2664 Χαρίτωα
1011 2579 1165 2666 γράφηται
1188 2583 1321 2670 ὅλόγος

192 2684 332 2753 ἀπόλωλε
355 2690 408 2749 καὶ
428 2683 588 2773 topicorum·
605 2681 722 2751 ἐὰνδὲ
743 2680 820 2768 μετὰ
836 2684 994 2765 Χαρίτων,
1016 2684 1200 2770 μένενπρὸς
1218 2689 1317 2753 αἰῶνα

189 2774 655 2871 εἶν’δια.ἀαὶ·1(ᾳλλίμαχος·
714 2859 747 2871 ,Ι
864 2800 869 2809 “

211 2922 221 2931 ·’
288 2891 409 2958 ”Biturs
431 2895 503 2972 νῦν,
527 2886 661 2973 ἔλέγοισι
680 2886 916 2974 vinciamus
936 2883 1074 2960 λιπώσας

282 3034 288 3045 ·
334 3005 458 3076 χεῖρας,
479 2987 525 3054 ‘iv'
546 2988 677 3073 εἴφημοι
699 2982 820 3056 ποινλιλ
842 2992 1013 3073 μένωσιν
1035 2986 1173 3073 ἕπε’)

185 3096 316 3160 ¹Gratias
337 3096 431 3173 rogat
456 3091 675 3173 Callimachus,
698 3098 730 3158 ut
755 3112 858 3157 manns
880 3094 1055 3170 fragrantes
1077 3093 1106 3173 in
1129 3092 1226 3173 ipsius
1246 3095 1315 3156 ele·

175 3200 244 3278 gis
267 3196 459 3273 abstergant,
486 3211 547 3277 quo
571 3193 688 3270 cunctis
708 3196 832 3276 probati
854 3199 1031 3276 perennent.
1077 3193 1217 3255 Nimirum
1244 3196 1316 3259 iliae

135 3277 154 3293 ⁹
171 3294 174 3302 “
192 3299 242 3382 (ut
260 3297 329 3360 aiibi
351 3294 467 3377 Venus,
491 3297 555 3359 vid.
582 3297 715 3361 Theocr.
735 3294 837 3377 xvii,
861 3289 904 3362 36
926 3317 1012 3381 ⁸⁰¹l·›
1035 3298 1105 3362 ⁰⁰¹¹·
1127 3297 1202 3360 ΗΜ·
1229 3297 1266 3363 ⁰⁶
1289 3299 1316 3377 l’

191 3472 396 3484 -.-.-----

243 3559 271 3627 1)
291 3555 381 3622 „Dem
400 3553 514 3608 ieichten
532 3551 662 3608 Gottindel
679 3551 819 3621 (lusimus)
842 3552 909 3606 uird
925 3552 973 3607 das
992 3548 1209 3605 hieibendo'Licd
1227 3538 1314 3622 (quod

293 3637 395 3706 uiuat),
415 3637 472 3692 dem
490 3635 664 3703 lateinischeu
684 3636 732 3690 das
750 3636 883 3692 lesbische
900 3636 1200 3708 gegeniuioergcsteiit.“

243 3722 274 3788 2)
290 3719 397 3790 Fragm.
418 3729 476 3778 121.
494 3721 657 3776 Sententiam
671 3720 835 3786 Callimachi,
857 3737 926 3794 quae
943 3720 1093 3776 Bentleium
1114 3720 1229 3790 ingerat,
1249 3736 1313 3789 per-

291 3807 379 3873 spexit
397 3804 690 3859 iiemsterhusius
710 3804 745 3857 ad
764 3805 866 3860 Coiiim.
885 3806 916 3864 T.
936 3805 956 3871 i,
975 3824 1001 3875 p.
1019 3809 1095 3870 489„
1121 3808 1197 3874 eiquo
1214 3818 1312 3858 aasen-

289 3893 359 3943 tinnt
375 3889 526 3944 Boecktrius
551 3889 585 3943 ad
607 3889 716 3944 Pindari
740 3890 829 3950 Sciret.
850 3908 875 3962 p.
893 3895 952 3949 450.
984 3896 1011 3946 et
1034 3889 1250 3945 Wuostemannus
1274 3890 1312 3943 ad

289 3972 405 4028 Theocr.
422 3983 463 4038 17,
478 3982 519 4032 37.
537 3973 631 4043 itaque
649 3974 713 4028 iilud
731 3975 833 4039 ἔλλιπε,
854 3980 870 4033 i.
883 3992 904 4034 e.
923 3976 1026 4046 ἔρρεπε,
1045 3978 1073 4029 in
1092 3976 1189 4029 bonam
1206 3979 1312 4044 partem

289 4062 438 4130 accipiunt:
458 4059 586 4113 Adeste
605 4073 709 4121 nunc,
730 4059 773 4113 vei
792 4058 897 4128 Agite
916 4075 1014 4125 nunc,
1034 4056 1187 4114 Gratiae.
1211 4057 1310 4113 Penta-

286 4149 371 4200 meter
387 4143 520 4212 claudicat
539 4144 566 4195 in
585 4142 663 4197 libris
682 4160 743 4200 msc.
763 4162 815 4199 uno
834 4143 945 4199 orbatus
963 4143 1045 4213 pede:
1067 4147 1179 4215 χεῖρας..
1197 4144 1243 4198 ἵνα
1259 4165 1311 4213 μοι

284 4248 311 4283 κ.
327 4250 352 4285 π.
368 4229 391 4282 λ.
429 4228 559 4298 Suppient
575 4227 686 4296 ἐμοῖο,
706 4228 752 4282 ἵνα
771 4249 822 4298 μοι
842 4249 865 4286 ν,
882 4249 905 4281 ι.
920 4229 958 4293 λ,,
979 4230 1026 4284 sed
1045 4229 1116 4301 quoti
1138 4243 1220 4300 supra
1241 4233 1309 4284 scri-

283 4319 355 4379 ptum
374 4318 422 4379 ost,
442 4311 588 4371 itemsterh.
607 4318 633 4368 et
651 4313 776 4373 Valcken.
796 4313 924 4369 scribunt.
