2768 4838
530 841 898 937 Prooemium.

408 1016 460 1078 De
480 1015 614 1081 Horatio
638 1018 829 1081 Graecorum
854 1016 1019 1079 imitatore.

604 1217 816 1228 w

246 1390 281 1481 Si
306 1413 375 1494 quid
407 1432 469 1491 ego
499 1415 528 1475 in
551 1414 727 1479 Graecismo
753 1413 938 1495 Horatiano,
970 1413 1127 1477 cultissimi
1160 1419 1273 1496 poetae

122 1515 265 1599 ‚horrido
288 1517 417 1579 sancet
442 1516 555 1578 inculto
584 1519 709 1599 agello,
742 1516 901 1581 tractando
925 1517 1005 1598 quod
1027 1536 1086 1580 non
1107 1517 1184 1579 male
1206 1518 1276 1582 mibi

144 1623 274 1685 cesserit
306 1618 444 1700 proiecit
478 1620 582 1680 summi
612 1621 671 1682 viri
694 1616 939 1696 Bernhardyi
969 1620 1035 1697 est,
1065 1637 1153 1700 quom
1180 1625 1274 1699 grato
1370 1670 1375 1681 .

143 1724 239 1783 animo
266 1717 413 1786 confiteor
441 1720 511 1781 mihi
534 1725 687 1785 auctorem
710 1721 948 1783 humanissimum
979 1723 1011 1782 et
1033 1721 1071 1782 ad
1092 1723 1274 1799 ingredien-

80 1876 83 1883 .
143 1825 209 1887 dam
235 1826 326 1888 etad
356 1823 577 1903 suscipiendam
603 1825 750 1885 rationem
777 1822 881 1883 borum
910 1821 1075 1884 studiorum
1104 1826 1273 1888 exstitisse.

142 1926 239 1988 Huius
255 1930 331 1988 enim
353 1941 501 1987 censurae
521 1928 707 1988 recensionis
718 1922 960 2004 Peerlkampiill
973 1928 1005 1986 et
1027 1926 1166 1986 editionis
1178 1926 1272 1988 (lrel-

141 2027 241 2089 lianae
256 2023 287 2109 ²)
310 2032 343 2089 ut
372 2027 551 2089 Germaniae
581 2026 683 2088 decori
711 2028 800 2107 sunt,
830 2029 873 2088 ita
903 2026 1123 2106 interpretibus
1153 2028 1273 2093 Horatii

141 2130 225 2210 pleni
253 2129 454 2192 commentarii
477 2129 573 2190 instar
600 2131 633 2190 et
655 2128 753 2191 veluti
773 2128 874 2191 lucida
896 2129 1041 2210 quaedam
1066 2129 1167 2192 sidera
1199 2150 1299 2205 esse,

142 2230 269 2311 debent,
299 2234 408 2312 utpote
435 2248 492 2310 per
521 2230 664 2292 tenebras
691 2232 830 2293 micantia
861 2234 894 2294 et
919 2232 1022 2292 rectas
1052 2251 1089 2293 ac
1118 2232 1271 2298 salutares

140 2335 210 2395 vias
230 2333 326 2411 longe
354 2333 477 2414 lateque
500 2333 726 2396 collustrantiar
755 2332 893 2414 adquae
921 2344 984 2409 ego
1008 2335 1092 2394 certe
1115 2333 1268 2415 inceptum
1350 2368 1352 2372 ·

139 2435 196 2497 iam
221 2434 337 2517 aliquot
358 2434 465 2498 abhinc
489 2436 591 2515 annis,
619 2435 675 2496 sed
701 2436 904 2499 intermissum
934 2435 1082 2497 interdum
1105 2439 1157 2500 aut
1179 2438 1271 2518 plane

139 2539 329 2600 aberrantem
351 2537 428 2599 bunc
451 2556 569 2600 cursum
592 2537 703 2599 direxi.
745 2537 776 2598 ls
808 2539 920 2617 igitur,
951 2555 1028 2618 quae
1058 2555 1136 2600 uera
1164 2541 1214 2601 vis
1237 2544 1270 2607 et

138 2642 217 2704 ratio
240 2641 346 2720 poesis
371 2639 575 2717 Augustanos
597 2642 700 2720 esset,
725 2641 831 2701 melius
856 2660 893 2702 ac
914 2639 1033 2718 planius
1055 2658 1144 2721 quam
1166 2641 1269 2705 lnter-

137 2746 243 2824 pretcs
273 2743 410 2820 edocuit,
438 2744 470 2802 et
490 2743 660 2823 lpostquam
689 2759 782 2821 supra
811 2758 925 2802 omnem
949 2742 1142 2803 dubitationis
1171 2744 1269 2808 aleam

141 2845 299 2908 constituit
322 2861 386 2904 eam
414 2843 531 2903 omnino
551 2846 617 2904 arte
638 2843 750 2905 iactam
771 2845 804 2905 et
823 2859 865 2904 ex
882 2841 962 2903 bona
983 2859 1155 2924 magnaque
1181 2849 1271 2927 parte

136 2944 318 3008 rhetoricam
343 2942 509 3006 babeudam
535 2961 623 3024 esse,
653 2961 730 3025 quae
751 2943 822 3005 inde
843 2944 984 3024 prolecta
1014 2945 1193 3010 suntruxta
1218 2951 1269 3012 in-

137 3047 291 3111 commoda
316 3050 406 3128 atque
433 3048 564 3108 virtutes
587 3048 692 3108 contra
715 3047 953 3126 Peerlkampium
978 3047 1158 3128 aequissima
1179 3051 1268 3116 lance

137 3152 170 3213 et
191 3150 360 3214 certissimo
381 3148 492 3211 iudicio
519 3150 704 3230 ponderavit
733 3153 765 3212 et
789 3143 1024 3231 exaequavit-³)
1075 3150 1181 3234 ltaque
1203 3173 1269 3218 cum

136 3254 191 3318 uel
213 3254 242 3314 in
264 3253 398 3315 omnibus
430 3252 630 3330 scriptoribus
649 3252 789 3315 classicis
813 3254 845 3314 et
863 3249 1064 3331 prudentibus
1088 3252 1207 3332 plenam
1230 3276 1267 3322 ae

135 3357 286 3437 propriam
322 3355 599 3435 interpretationem
636 3355 799 3416 iustissime
829 3353 1034 3434 postulemus,
1065 3356 1127 3416 tum
1162 3357 1192 3418 in
1220 3357 1268 3421 bis

135 3458 213 3538 ipsis
237 3457 308 3518 aevi
328 3456 505 3533 Augustani
526 3459 629 3536 poetis
653 3476 767 3518 summa
788 3456 844 3517 lex
863 3455 1082 3534 interpretandi
1107 3474 1163 3516 nos
1184 3459 1269 3524 iubet

137 3575 174 3617 ea
198 3574 319 3636 semper
341 3557 492 3636 inquirere
516 3560 549 3618 et
570 3559 675 3639 sequi,
700 3572 776 3637 quae
797 3554 858 3616 vim
882 3555 1029 3636 quandam
1050 3556 1177 3622 afferant
1196 3580 1269 3623 ser-

135 3658 231 3737 moni,
261 3659 295 3718 ut
322 3672 378 3718 eos
409 3676 468 3740 quo
492 3659 620 3743 quisque
643 3659 761 3722 doctius
785 3673 822 3718 ac
848 3674 946 3738 propo
971 3657 1098 3722 dixerim
1120 3662 1269 3727 artificio·

187 3897 217 3966 1)
233 3895 307 3950 Berl.
326 3890 420 3948 labrb.
437 3890 455 3945 i.
474 3892 546 3944 uiss.
565 3889 665 3949 Kritik.
685 3897 868 3952 rosanensis
887 3894 956 3950 Maii
975 3895 1023 3950 Nr.
1042 3894 1108 3951 XCl.
1125 3912 1183 3969 sqq.

188 3997 216 4061 2)
233 3993 344 4064 Aligern.
365 3993 559 4063 Literaturztg.
580 3997 655 4050 1837.
675 3991 742 4046 Nor.
763 3991 824 4046 Vol.
843 3993 890 4047 lll.
908 3993 955 4049 Nr.
974 4003 1027 4052 202
1045 4012 1085 4066 sq.

186 4097 212 4159 3)
231 4092 262 4146 ln
280 4107 394 4147 censura
410 4091 591 4162 Peerlkampii
612 4091 629 4145 l.
645 4106 666 4145 o.
682 4108 707 4161 p.
722 4094 775 4149 750
794 4105 834 4159 sq·
863 4090 918 4146 Cir.
938 4094 1022 4147 eiusd.
1042 4093 1109 4148 llist.
1122 4095 1173 4150 litt.
1191 4094 1266 4152 Rom.

238 4176 279 4230 ed.
305 4177 351 4235 alt.
377 4197 394 4250 p
428 4186 480 4236 237
502 4195 560 4248 sq,
597 4182 624 4229 et
652 4179 698 4246 qui
721 4177 779 4228 eius
807 4173 865 4230 lere
892 4180 1010 4247 vestigia
1034 4178 1191 4236 subsecutus
1215 4188 1264 4250 est,

237 4259 445 4316 liicbstadii
464 4260 607 4316 Paradoxa
625 4260 689 4315 llor.
707 4258 790 4326 (lena
808 4262 890 4330 1836)
907 4263 949 4318 vi.
969 4266 1036 4315 extr.

1039 4349 1056 4413 l
