2768 4838
119 280 185 347 aio
553 222 804 358 Cffnspectus

75 496 78 502 ·
124 469 190 530 dem
209 466 296 528 uncis
318 476 391 525 usus
412 462 490 524 idem
513 462 654 523 cr'e'lrro
675 461 727 523 vel
748 459 846 523 alili
866 459 946 540 apud
969 459 1098 520 eundem
1113 461 1251 541 scripto·

123 587 185 632 rem
209 567 338 648 reperiri
357 565 431 627 dixi.
482 564 613 650 Quorum
638 561 697 626 linc
726 561 852 625 alterum
876 579 997 643 qunque
1016 561 1161 625 consulto
1184 565 1252 626 ieci.

124 669 183 733 nst
202 670 279 731 enim
303 686 414 748 magno
434 666 579 729 videlicet
599 667 628 728 in
650 664 708 729 lnac
728 683 763 726 re
785 663 823 725 ad
846 662 1088 743 persuadendum
1101 669 1253 727 momento

124 771 202 834 idem
229 771 339 834 dictum
370 769 423 831 vel
454 768 573 830 dicendi
603 770 726 831 iormam
753 768 912 846 scriptoris
940 765 1066 843 alicuius
1096 771 1252 850 propriam

126 888 185 936 nun
207 871 301 934 semel
324 871 434 937 alicubi
455 874 601 950 exstare,
625 871 764 951 quonlam
787 873 908 950 poetam
917 855 1131 948 imitatorem,
1155 871 1253 953 qualis

128 975 275 1046 llcratius
291 975 357 1053 init,
372 974 570 1054 probabiliter
587 974 759 1035 coniicimus
776 970 1015 1034 celebratissima
1030 989 1174 1053 quaeque
1187 992 1252 1033 ma-

128 1079 209 1141 xime
233 1077 422 1140 recordatum
446 1084 527 1139 esse.
568 1075 673 1158 Atque
697 1074 851 1136 Horatium
878 1073 995 1156 quidem
1017 1079 1132 1137 certum
1154 1075 1253 1138 haben

11 1208 15 1215 ·
128 1182 174 1244 sic
196 1180 275 1242 edec
297 1175 405 1242 inuitari
427 1197 498 1240 esse
521 1177 652 1239 solitum·
695 1177 980 1257 Quamquam'enim
1012 1178 1069 1239 rix
1091 1180 1171 1241 satis
1195 1198 1254 1260 pc·

127 1286 191 1347 tent
214 1283 288 1361 dici,
312 1301 397 1364 quam
421 1281 515 1343 multa
534 1280 651 1342 omnino
673 1279 725 1340 ille
749 1277 897 1359 ,Graecis
922 1281 987 1352 susis
1010 1281 1255 1362 exemplaribus‘

129 1385 259 1463 deleat,
284 1385 312 1445 si
329 1384 457 1466 *quidem
481 1401 595 1445 omnem
616 1384 759 1444 ¹innatum
788 1382 934 1445 orationis
956 1370 1131 1463 spectamus
1155 1387 1189 1446 ei
1211 1386 1255 1447 tct

129 1487 298 1551 sententias
321 1485 391 1547 illas
411 1503 487 1566 ,ore
510 1485 657 1547 rotundo‘
685 1484 802 1548 dictas:
829 1483 907 1546 idem
930 1488 1034 1547 lamen
1048 1504 1106 1549 nec
1130 1506 1255 1569 usquam

129 1590 238 1652 solitus
262 1587 450 1666 est-,aliena
472 1587 611 1665 vestigia
631 1587 789 1667 premere‘
812 1605 869 1650 nec
891 1587 1075 1651 Graecorum
1085 1578 1255 1672 'exempla-

130 1691 176 1753 ria
207 1689 245 1751 de
275 1690 391 1769 scripio
425 1691 491 1753 iere
518 1692 572 1752 aut
600 1690 637 1750 ad
670 1690 795 1753 uerbum
829 1691 954 1770 imitari,
994 1692 1049 1753 sed
1083 1686 1257 1757 memoriter

130 1792 309 1874 plerumque
324 1796 357 1856 et
375 1792 472 1854 libere
494 1795 692 1872 expressisse
712 1793 835 1855 videtur
858 1813 896 1857 ea
919 1812 996 1876 qnae
1009 1795 1101 1858 multa
1113 1796 1257 1878 lectione,

111 1899 166 1961 ut
187 1897 231 1959 iia
254 1896 364 1976 dicam,
388 1897 417 1957 in
440 1915 524 1957 suum
545 1914 648 1959 sucum
669 1900 703 1960 et
723 1898 904 1976 sanguinem
927 1902 1141 1980 converterat,
1165 1897 1257 1986 atque

131 1998 190 2063 lrcc
211 1999 339 2082 deniqne
362 2001 459 2061 animo
480 2003 515 2062 ut
537 1997 655 2080 ,vellet
679 2000 828 2078 agnosci,
852 2017 911 2061 ncn
931 1997 1113 2085 surripiendi
1130 2006 1258 2069 cacssa‘

132 2104 265 2191 aliorum
280 2103 363 2166 dicta
384 2101 564 2176 recordatae
586 2102 689 2182 potius
713 2121 799 2185 quarn
822 2103 955 2166 imitatos
979 2107 1037 2167 est.
1054 2101 1085 2190 ³)

235 2207 393 2269 liditiones
414 2208 548 2292 seculus·
566 2197 630 2266 sum
652 2206 772 2267 easdem
797 2223 873 2287 quas
896 2207 1025 2271 indicavi
1047 2210 1076 2271 in
1097 2210 1258 2273 Procemio

139 2311 213 2371 ncta
239 2307 362 2388 51.‚.m
386 2308 488 2388 poetis
506 2308 640 2371 iambicis
667 2307 817 2386 elegiacis
845 2307 960 2371 melicis
988 2309 1259 2376 S‘cheidewini

134 2410 310 2494 Deiectum,
338 2411 423 2472 cuius
445 2412 576 2472 numeris
596 2429 674 2474 nnnc
696 2412 781 2473 uncis
803 2410 937 2474 inclusos
960 2416 992 2475 et
1013 2411 1116 2474 littera
1139 2415 1174 2476 B.
1199 2435 1258 2478 no·

133 2516 217 2577 latos
241 2512 341 2575 addidi
364 2512 438 2574 Ber
445 2513 618 2590 gislanae
640 2512 782 2590 editionis
804 2512 930 2575 alterius
953 2512 998 2595 (a.
1016 2511 1130 2601 1853.)
1151 2537 1258 2581 nnme-

135 2633 206 2695 rcs,
228 2616 264 2677 ‹in
286 2614 417 2684 Pindaro
442 2615 632 2678 liceclrlrli
655 2615 839 2698 eandemque
861 2617 927 2678 iere
947 2617 1078 2698 ‘lierglii
1100 2625 1258 2702 rationem,

134 2719 165 2780 in
189 2717 366 2782 dramaticis-
381 2718 582 2781 Dindoriii
605 2718 766 2781 editionem
781 2717 883 2801 (laips.
902 2717 1033 2804 1830.),
1055 2722 1083 2783 in
1098 2725 1259 2805 epigram-

135 2821 253 2887 matlcis
273 2820 448 2884 laccbsil
474 2819 693 2898 Anthidcgiam
717 2819 863 2884 Graecam
885 2821 949 2905 [ed.
973 2820 1085 2906 lips).
1251 2892 1255 2900 ,

60 3004 72 3015 υ
145 2978 147 2985 .
241 2921 382 2987 Ceterum
403 2923 451 2986 hic
470 2923 610 2986 nonnulla
629 2923 729 2984 addidi
758 2926 790 2985 et
811 2925 935 2986 correxi
957 2928 1085 3006 quaein
1108 2947 1260 2992 commen·

136 3029 215 3091 taric
242 3032 295 3090 eut
325 3029 542 3109 praetermissa
569 3028 730 3089 erant'aut
752 3041 912 3107 perperam
940 3027 1069 3110 collata,
1097 3048 1261 3117 eorumque

80 3131 88 3138 ’
138 3131 246 3208 etlam,
269 3130 366 3191 sicubi
388 3149 466 3210 opus
488 3148 558 3192 esse
573 3130 752 3208 ridebatur,
777 3129 923 3190 rationem
947 3131 1063 3195 reddidi
1078 3139 1134 3198 aut
1151 3141 1262 3200 aucto-

138 3249 190 3293 res
214 3229 366 3310 indicavi,
390 3232 478 3295 velut
501 3234 699 3295 recentiorem
722 3231 840 3293 Horatii
869 3233 1064 3314 interpretem
1091 3236 1262 3301 l'ranci·

112 3411 119 3427 ι
139 3351 241 3396 scum
258 3333 458 3425 ltitterum
492 3332 595 3424 lpsum
616 3334 691 3395 enim
708 3332 896 3414 opusculum,
917 3337 1003 3399 cuius
1023 3338 1149 3401 lrevem
1164 3358 1262 3422 qnan-

139 3437 206 3500 dam
227 3455 367 3500 summam
390 3420 468 3498 nunc
488 3435 587 3497 miultis
608 3436 747 3518 partibus
766 3433 882 3498 auctam
899 3439 990 3518 atque
1007 3439 1196 3504 emendatam
1214 3441 1265 3504 liic

141 3541 334 3622 Conspectus
358 3540 538 3619 scriptorum
556 3537 740 3603 Graecorum
762 3559 828 3603 cum
843 3539 973 3603 Horatio
995 3542 1172 3607 collatorum
1187 3562 1264 3606 con-

141 3646 234 3726 tinet,
261 3641 457 3726 aliquamdiu,
481 3644 514 3702 ut
536 3640 586 3720 iit,
610 3641 808 3723 interruptum
832 3642 987 3723 pependit.

243 3745 329 3813 Haec
359 3742 487 3805 dicenda
516 3744 623 3823 putari
656 3744 695 3805 de
724 3743 862 3807 instituto
893 3765 979 3808 ment
1014 3749 1119 3811 cetera
1146 3749 1203 3812 ianr
1233 3767 1268 3812 re

141 3848 209 3929 ipsa
233 3847 406 3929 patescent.
449 3840 619 3910 imitatione
641 3846 736 3924 igitur
757 3848 901 3927 expressi
925 3848 1083 3912 videntur:

139 4048 346 4062 W

199 4179 316 4250 divide
342 4196 412 4251 quae
444 4178 477 4236 de
503 4179 615 4235 ilcratio
642 4179 806 4238 Graecorum
838 4186 976 4239 imitatore
1002 4186 1126 4254 exposita
1157 4188 1220 4239 aunt
1243 4186 1272 4238 ln

246 4264 390 4321 Prooemio
406 4281 442 4335 p.
462 4260 564 4321 Vill-
572 4265 604 4322 x.
632 4273 658 4320 et
680 4266 838 4344 iiilVlseq.
852 4269 920 4324 ccli.
948 4266 1223 4342 llcrnlrardpcl.
1249 4285 1271 4323 c.

244 4365 269 4417 p.
289 4354 348 4406 520.
367 4357 393 4406 et
410 4356 470 4410 529
486 4354 513 4405 in
532 4357 596 4406 ncta
613 4351 674 4408 lio.
