2768 4838
119 243 160 309 14

121 430 214 492 ditus,
229 430 291 494 est.
336 424 478 502 Ceterum
499 424 581 508 quod
607 424 719 489 Groecl
746 432 864 509 σμῆνος
884 447 909 489 s.
931 423 1165 508 dandronuch,
1197 429 1254 496 νό-

121 553 186 597 σων
208 530 370 608 eleganter
388 529 500 608 mount,
523 546 587 591 earu
609 545 692 590 nova
711 530 830 592 ratione
851 531 929 593 dixit
942 531 1087 594 Horatius
1110 532 1253 597 cohor-

123 636 208 695 tem.
244 632 320 696 Nam
345 633 605 695 aute-cumnemo
625 628 697 692 hoc
718 648 850 695 nomen
873 632 1055 696 cohortis
1077 633 1254 696 talitraus-

122 734 236 797 lotione
264 735 441 815 usurpavit,
475 751 561 815 quum
592 733 622 794 in
653 749 690 794 ca
724 751 757 794 re
786 750 927 811 agmen
955 733 1119 811 volgarius
1149 741 1255 810 essct;

123 855 181 904 nos
202 835 339 898 similiter
360 833 588 917 „Schworm“.
617 832 689 895 Vid.
711 833 821 898 Blomi.
845 834 884 896 ad
900 834 1050 915 Aeschyl.
1073 836 1161 897 Pers.
1180 836 1255 901 133.

125 941 157 1000 ei
176 936 317 1001 Schoone
340 939 378 1000 ad
403 938 508 1020 llu'rip.
530 934 643 1001 Bacch.
667 922 741 1002 7052
766 940 797 1001 et
820 939 877 1001 cir.
898 937 934 1002 (Ι.
958 937 988 1020 Ι,
1013 937 1076 1019 35,
1098 935 1152 1000 31.

225 1090 259 1131 v
288 1067 341 1133 32.
392 1073 563 1133 necessitas
593 1068 680 1155 nee]
715 1077 765 1133 est
795 1071 917 1134 Homeri
954 1081 1051 1152 noina
1082 1066 1257 1149 θανάτοιο,

129 1190 218 1254 quam
241 1172 347 1254 Eurip.
374 1172 466 1253 llipp.
493 1169 587 1237 1388.
607 1171 717 1238 ’Ἅιδου
738 1176 886 1256 μέλαιναν
905 1169 1048 1254 adurendo
1076 1166 1259 1254 τάνᾶγκαν

127 1276 233 1337 vocat.
260 1271 470 1358 [ltlltsch..)
590 1280 597 1309 ·’

231 1412 263 1454 v.
287 1389 341 1456 34.
381 1416 516 1460 uacuum
541 1394 633 1482 adra]
661 1414 745 1459 nove
768 1395 877 1458 dictum
900 1411 1027 1474 prorsus
1049 1395 1082 1451 ut
1106 1387 1258 1453 Graecum

129 1492 253 1573 ἕρημος.
296 1495 408 1558 Verum
431 1498 488 1560 iam
516 1500 595 1563 vidit
625 1497 783 1577 llluretus,
825 1495 946 1558 Pindari
975 1495 1042 1557 loco
1068 1491 1191 1573 prolato
1216 1511 1258 1554 ex

129 1594 178 1657 01·
210 1595 240 1676 Ι,
268 1593 306 1659 6:
348 1593 462 1679 ἐρήμας
492 1598 530 1665 δι’
555 1601 705 1683 aldione:
730 1596 852 1682 „durch
882 1597 930 1659 die
954 1597 1030 1674 tide,
1052 1596 1101 1656 die
1123 1594 1258 1657 haltlose

130 1697 218 1776 huit,
256 1697 304 1759 die
326 1699 414 1776 locine
441 1704 549 1766 Stirtuc
570 1704 707 1766 hietet“.
748 1702 824 1764 ltem
848 1699 938 1779 Virg.
963 1699 1000 1761 G.
1022 1697 1083 1776 ΙΙΙ,
1111 1695 1183 1761 169.

233 1828 342 1918 1636.
366 1832 544 1898 Herculeus
563 1833 664 1920 tator]
686 1840 736 1899 est
755 1835 847 1897 dictio
870 1830 1107 1894 celebratissima
1130 1813 1162 1893 'et
1184 1828 1260 1890 iilu-

133 1933 208 1996 stris
228 1931 330 2021 ligura
353 1933 554 2018 Graecorum,
581 1957 639 2019 qua
661 1937 783 2018 primum
806 1933 987 2010 intelligitur
1009 1931 1075 2012 ipse
1097 1932 1262 2013 Hercules,

131 2033 239 2098 deinde
263 2035 327 2097 eius
349 2036 503 2103 laboriosa
526 2042 591 2104 vita
613 2030 780 2119 cogitatur.
833 2034 919 2122 Quod
945 2034 1020 2095 euim
1044 2032 1154 2096 Graeci
1178 2054 1258 2116 poc-

132 2140 183 2200 tac
207 2137 358 2200 constanti
385 2160 441 2201 usu
471 2146 554 2224 ,βίη
576 2139 792 2222 ῐΗρακληείηκ
823 2136 928 2215 tllom.
951 2135 986 2224 ll.
1007 2133 1062 2216 Xl,
1087 2135 1162 2199 690.
1201 2138 1261 2203 Od.

132 2239 196 2320 xl,
226 2239 290 2304 601
321 2237 428 2323 alibi),
464 2243 521 2322 ,,ἷ’ς
549 2239 757 2327 Ἠρακλῆοζῑί
785 2238 878 2322 [Hes.
909 2237 969 2299 Th.
991 2236 1090 2321 950),
1125 2245 1207 2321 „tito
1230 2245 1263 2303 et

132 2343 249 2416 σθένος
270 2339 472 2420 ‘mentiost
496 2341 602 2425 (Pind.
624 2343 664 2406 0.
686 2342 741 2423 ΧΙ,
765 2341 818 2407 26.
838 2344 877 2402 fr.
890 2341 923 2404 5.
938 2339 991 2423 Β.)
1013 2359 1069 2420 pro
1095 2341 1261 2424 ipsa'per-

133 2462 209 2506 sona
229 2446 381 2524 dixerunt,
405 2445 435 2506 id
449 2445 592 2508 Horatius
614 2446 765 2528 paululum
798 2443 951 2507 variavit:
985 2441 1056 2520 „lis
1072 2442 1171 2520 draug
1185 2444 1263 2506 dher

132 2547 191 2610 den
225 2546 368 2610 Acheron
397 2547 451 2610 der
485 2548 708 2630 ousduldende,
736 2544 936 2611 arheitsvollc
962 2543 1153 2605 llerhules“.
1206 2544 1263 2608 Sic

133 2669 261 2732 prorsus
281 2648 330 2714 hic
353 2649 438 2712 locus
463 2652 662 2733 explicandus
689 2651 821 2713 videtur.
854 2649 928 2709 Nam
951 2647 1057 2708 sordet
1079 2649 1110 2707 et
1131 2645 1264 2741 languet

133 2754 248 2834 oratio,
276 2754 304 2816 si
333 2754 429 2816 omnia
459 2757 667 2818 transferimus
696 2756 733 2816 ad
763 2754 897 2817 lacinus:
933 2749 1061 2830 ‚,hahor
1087 2768 1115 2808 s.
1144 2751 1263 2813 lacinus

132 2855 273 2920 Herculis
302 2857 504 2949 periculosum
537 2859 713 2939 penetravit
743 2873 839 2938 usque
872 2852 910 2915 ad
943 2851 1052 2914 Aeh.“
1109 2852 1149 2915 Ut
1178 2851 1210 2914 h.
1241 2853 1262 2916 l.

133 2958 391 3038 Peerlkampium,
421 2934 521 3023 sicii.
545 2958 574 3038 1,
587 2958 647 3040 23,
666 2960 699 3022 6.
722 2957 888 3020 Bentleium
912 2955 1032 3035 decepit
1061 2955 1264 3018 idemllclle-

134 3061 259 3138 uisurus,
281 3060 319 3121 de
342 3079 402 3142 quo
428 3061 491 3123 vid.
501 3060 703 3140 Bernhardy.
721 3061 811 3140 Synt.
831 3057 884 3120 Gr.
907 3079 936 3138 p.
959 3056 1011 3119 52.
1055 3059 1108 3119 bro
1124 3058 1263 3139 Proper

135 3162 207 3226 tium
233 3162 362 3223 maxime
392 3166 424 3224 et
445 3161 608 3242 Virgilium
640 3165 760 3226 constat
781 3180 862 3223 more
886 3146 1069 3224 Graecorum
1097 3179 1266 3241 usurpasse

135 3265 330 3328 substantiva
352 3265 506 3328 abstracta
523 3283 579 3345 pro
602 3264 782 3344 adiectivis‚
812 3283 867 3326 nec
891 3282 987 3345 pauca
1011 3263 1040 3323 id
1064 3280 1163 3339 genus
1181 3265 1264 3344 apud

136 3366 294 3444 Horatium
310 3365 467 3466 leguntur.
509 3367 663 3430 Permulta
685 3367 826 3448 exempla
851 3367 1074 3445 congesserunt
1087 3363 1113 3424 l
1115 3361 1266 3426 eohnerus

137 3473 168 3536 in
187 3469 340 3533 Helleuol.
362 3467 407 3550 ΙΙ,
429 3466 501 3533 Set
524 3470 684 3533 Lambinus
708 3471 746 3531 ad
768 3471 840 3531 Hor.
859 3466 894 3532 G.
909 3467 967 3548 lli,
989 3468 1021 3545 5,
1048 3463 1097 3528 13.
1121 3463 1282 3549 Ceterum¹

138 3574 177 3636 de
201 3591 378 3636 aerumnosa
400 3573 466 3636 vita
489 3570 628 3672 ἧμιθέῳν
651 3574 691 3636 cl.
707 3573 794 3635 Hom.
810 3570 844 3634 ll
868 3569 947 3644 Xll,
968 3567 1019 3632 23.
1041 3568 1167 3632 Hesiod.
1184 3568 1267 3652 Opp.

141 3673 204 3738 156
225 3693 306 3758 sqq„
328 3676 412 3737 Plud.
435 3677 526 3758 Pyth.
548 3664 602 3759 ΙΙΙ,
624 3675 669 3741 66
693 3677 738 3756 B.,
758 3674 903 3745 Siurouid.
927 3671 983 3737 Cei
1006 3676 1043 3734 ir.
1064 3672 1115 3736 31.
1140 3673 1213 3738 Sch.
1261 3710 1263 3715 <

243 3788 346 3855 v.⁴37.
390 3796 450 3862 Nat
476 3795 658 3862 mortalibus
679 3793 814 3855 arduom
842 3790 901 3875 eat]
942 3793 1109 3870 Eleganter
1135 3792 1268 3856 reddidit

141 3890 323 3957 Graecorum
345 3899 537 3976 proverbium
568 3894 610 3971 ὥς
636 3889 725 3958 odito
751 3892 938 3976 μερόπεσσιν
962 3891 1129 3978 ἀμήχανον.
1154 3895 1266 3974 [Mu-

142 3995 244 4081 ret.).
290 3997 367 4062 lliuc
395 4001 498 4080 patet,
519 3999 548 4060 id
573 3997 653 4078 quod
675 3997 742 4059 tota
764 3998 915 4059 sententia
937 3997 1143 4077 confirmatur,
1171 3998 1268 4062 verba

140 4099 184 4163 lta
206 4101 414 4180 coniungenda
437 4089 526 4176 esse,
557 4103 591 4161 ut
617 4098 771 4161 arduum
793 4098 959 4180 praedicati
983 4103 1079 4164 vicem
1104 4102 1269 4164 sustineat.

141 4201 206 4284 Quo
222 4203 338 4286 quidem
352 4204 419 4284 ipso
437 4200 602 4279 coniicitur,
628 4199 702 4262 hanc
725 4218 809 4264 unam
831 4200 988 4264 lectionem
1014 4204 1169 4267 arduum
1189 4223 1269 4285 pro-

142 4303 324 4386 haripossc.
367 4350 370 4355 -
