2768 4838
1160 238 1270 333 q,

27 498 31 503 ,
72 431 161 515 quari
177 430 369 512 increparet.
412 428 502 511 Quid
518 422 844 512 quod‘Archilochds',
874 424 994 496 Horatii
1014 428 1203 514 'exemplunq

72 536 142 615 ipsc
171 552 292 616 quoque
321 537 445 596 versuni
466 550 551 594 suum
563 527 754 614 Ἤμβλααον
774 539 849 601 κτλ·
863 553 905 598 ex
925 535 1034 601 codem
1056 529 1201 616 Homero,

71 633 108 696 it.
130 633 186 715 lX,
211 633 274 697 116
295 641 327 699 et
348 634 435 714 Xlli,
460 632 504 699 91
524 652 605 715 sqq,
626 627 839 699 conflaverat?

175 757 207 798 v.
233 735 284 798 27.
308 739 479 800 recantatis
499 739 671 817 opprobriis
689 761 733 792 ==
751 732 999 823 nnnnqtn'rnm
1017 731 1056 801 ud
1076 733 1204 825 αὶσχζνᾶ,

70 821 263 924 nutrnqrt‘tno
285 835 405 925 (ἴσαντι.

491 1079 623 1162 Corn.
657 1083 690 1179 l,
728 1083 786 1163 ll.

173 1237 471 1323 ‚,Qnandoqutden‚
494 1240 590 1323 inquit
611 1242 775 1323 Horatius,
799 1241 839 1304 dli
863 1208 1010 1323 pietatem
1031 1254 1126 1304 manui
1147 1246 1202 1305 rcss

70 1340 204 1421 spiciunt
226 1343 259 1404 et
279 1340 439 1404 Faunus
460 1343 612 1425 inprimis,
642 1343 947 1409 Mercurialium
970 1348 1109 1407 custos
1131 1346 1201 1407 vi·
1252 1414 1256 1423 ,
1337 1366 1339 1373 ·

72 1460 199 1505 rorum
220 1440 277 1525 [0.
299 1441 339 1523 ll,
363 1443 418 1523 17,
442 1442 517 1524 28),
544 1446 688 1509 Sabinum
717 1465 813 1508 meum
836 1438 910 1508 colit
932 1442 1111 1529 diligitqucz
1141 1443 1201 1508 huc

71 1546 198 1625 venias,
223 1563 355 1627 precor,
377 1566 395 1608 o
419 1547 568 1627 Tyndari,
590 1550 624 1611 ut
645 1551 677 1611 et
697 1549 777 1610 ruris
797 1547 961 1611 honoribus
980 1546 1148 1628 perfruaris
1169 1549 1203 1613 oi

70 1646 129 1709 hac
148 1648 252 1709 umbra
277 1665 314 1711 ac
337 1648 395 1710 lide
419 1649 497 1711 'leia
517 1651 667 1712 recreeris
682 1652 722 1715 'ct
741 1650 850 1713 modici
868 1666 990 1712 munera
1009 1647 1112 1711 hiberi
1133 1647 1201 1711 Ve-

71 1750 213 1830 nerisque
242 1749 418 1813 felicitatem
447 1753 545 1812 tecum
573 1752 787 1824 concordantis
814 1750 1014 1832 percipias.“
1066 1748 1100 1812 lu
1131 1751 1203 1815 talls

71 1853 243 1930 argumenti
263 1853 393 1914 carmine
416 1853 443 1913 si
467 1852 615 1914 Graecum
636 1852 782 1915 Horatius
801 1854 936 1917 inuitatus
962 1853 1012 1914 est
1032 1851 1201 1935 exemplar,

71 1959 157 2018 certe
175 1968 235 2015 non
249 1952 419 2016 Stesichori
439 1943 507 2031 luit,
528 1971 570 2014 cx
591 1953 678 2015 cuius
691 1953 827 2036 reliquiis
845 1957 972 2034 praeter
987 1956 1094 2014 nornen
1109 1953 1203 2034 puel·

70 2057 122 2120 lac
152 2091 192 2100 -
223 2055 261 2117 de
285 2073 343 2137 quo
376 2054 448 2116 vide
479 2054 557 2117 llxc.
581 2053 622 2115 ll.
645 2073 746 2116 —uc
775 2054 871 2117 similo
900 2054 1017 2138 quidem
1045 2054 1203 2138 quicquain

72 2159 173 2223 afferri
189 2159 295 2240 potest
308 2174 365 2218 nec
378 2155 500 2218 allatum
515 2158 564 2217 est
578 2174 595 2216 a
612 2157 770 2219 veteribus
785 2153 1029 2239 Scholiastis‘¹):
1050 2156 1106 2219 sed
1121 2157 1202 2223 haud

73 2264 139 2325 scio
162 2280 199 2324 uu
224 2259 390 2323 Pindari
420 2258 466 2319 sui
492 2259 665 2320 meminerit.
717 2259 803 2323 Hunc
837 2260 914 2322 euim
936 2261 1057 2322 constat
1080 2263 1112 2323 et
1134 2260 1200 2325 Pa-

71 2382 129 2426 nos
150 2367 280 2426 statuam
312 2381 378 2426 curu
402 2378 456 2424 ara
485 2361 582 2442 ipsius
615 2364 648 2424 ot
677 2361 793 2425 sacello
827 2361 965 2440 Magnae
991 2360 1118 2443 ltlatrls,
1152 2366 1202 2427 uui

72 2484 160 2529 sacru
184 2466 286 2528 Panos
311 2465 454 2528 adiuncta
478 2465 580 2542 eraut,
610 2463 649 2524 ad
677 2465 762 2527 iores
787 2465 905 2527 aedium
931 2480 1052 2526 suarum
1074 2464 1202 2530 dodica-

72 2569 158 2629 visse
181 2570 214 2631 et
232 2586 298 2630 euru
320 2568 406 2630 deum
428 2583 646 2649 usquequaque
668 2568 696 2628 in
724 2569 892 2648 praecipuo
921 2565 1037 2629 honore
1057 2566 1201 2633 hahuisse

60 2674 107 2732 ct
127 2668 266 2749 hymnum
289 2671 379 2732 ctiam
401 2669 431 2729 iu
453 2685 520 2729 euru
542 2670 763 2750 composuisse,
786 2670 871 2732 culus
886 2665 1063 2734 nocexsut
1077 2669 1200 2748 luitiurn,

72 2774 183 2849 fragm.
206 2766 261 2831 63.
284 2770 337 2831 un

107 2869 153 2934 ‘n
179 2862 269 2949 Πὰν,
289 2864 454 2951 Ἀρκαδίας
475 2868 592 2950 μεδέων
613 2858 665 2933 καὶ
685 2875 804 2954 σεμνῶν
826 2868 946 2938 ἀδύτων
968 2869 1079 2954 φύλαξ,
1288 2945 1296 2959 ,

115 2964 250 3055 Ματρὸς
271 2968 406 3055 μεγάλας
427 2967 535 3053 ὀπαδὲ,
555 2973 708 3053 σεμνᾶν
729 2976 918 3060 Χαρίτων
937 2977 1094 3058 μέλημα
1115 2999 1202 3062 τερ·

937 3074 1014 3144 arud
1020 3104 1047 3144 ν.
1067 3073 1099 3164 ²)

81 3209 283 3225 ---·-···-

129 3315 158 3382 1)
176 3309 249 3367 llaec
274 3312 369 3363 contra
396 3307 549 3363 Sturium
573 3307 686 3363 dicenda
710 3314 803 3376 eraut,
832 3315 879 3380 qui
908 3328 922 3366 e
942 3313 1092 3371 Stesichori
1110 3316 1202 3388 aliquo

179 3399 297 3452 carmine
314 3394 366 3448 hoc
383 3397 480 3448 Latino
502 3407 608 3449 versum
627 3408 687 3447 csse
706 3394 898 3453 contendisset.

130 3498 160 3567 2)
178 3496 262 3551 Vita
279 3491 429 3547 Pindari
448 3508 474 3559 p.
488 3496 523 3549 9:
539 3488 572 3543 ‘0
589 3490 655 3558 γοῦν
670 3489 734 3543 nto
751 3488 766 3544 o‘
784 3491 851 3548 θεὸς
867 3489 952 3561 ὤφθη
967 3495 1069 3561 nucu&
1085 3495 1136 3550 τοῦ
1152 3502 1206 3552 Κι-

181 3574 323 3644 θαιρῶνος
338 3579 385 3626 καὶ
400 3572 449 3625 ταῦ
462 3571 607 3628 ‘Rhamnous
626 3570 700 3638 ᾅδων
716 3571 987 3646 παναῗναΙΙινδαῖρον·
1007 3574 1050 3631 διδ
1067 3579 1115 3633 καὶ
1131 3572 1208 3649 ᾆσμα

182 3660 309 3726 ἐποίησεν
326 3652 361 3711 εἰς
378 3653 428 3707 τὸν
445 3653 524 3722 θεόν,
549 3654 579 3709 ἐν
601 3647 720 3724 §quinto
742 3652 872 3727 ὁμολογεῖ
891 3659 938 3728 τῆς
961 3659 1040 3730 τιμῆς
1066 3660 1153 3732 αὐτῷ,
1177 3664 1210 3721 οἱ

180 3739 301 3813 ἧᾶρχῆ·
319 3732 359 3791 Ὠ
375 3737 439 3791 Πάν
459 3733 607 3807 Ἀρκαδίας
622 3737 728 3809 μεδέων
753 3739 812 3796 καὶ.
850 3739 928 3802 Quod
949 3744 1029 3812 μέλος
1052 3750 1209 3816 παρθένιον

182 3827 234 3882 init
250 3841 268 3880 a
286 3820 438 3895 virginibus
457 3820 610 3890 Thebanis,
637 3823 726 3878 Panos
744 3827 848 3894 signum
868 3842 946 3896 quum
965 3843 982 3881 a
1001 3827 1118 3886 Pindaro
1143 3849 1208 3889 oon-

182 3916 337 3967 scoraretur
363 3904 406 3964 'vel
424 3912 514 3963 statim
533 3912 595 3980 post
620 3916 804 3965 consecratum
823 3910 870 3964 uhi
888 3927 969 3966 sacra
987 3914 1026 3968 ihi
1046 3917 1207 3982 factasunt,

183 4002 325 4053 cantatum.
360 3993 400 4048 ho
420 3993 561 4049 tihiciuun
585 3993 697 4049 Pindari
716 3994 843 4050 lumilian
866 3996 964 4063 luisse,
992 3988 1082 4054 Paucis
1101 4008 1128 4056 et
1145 4000 1207 4056 Ma-

80 4110 83 4114 ·
182 4095 254 4151 gnae
270 4079 370 4134 Matris
389 4078 472 4133 cultui
490 4079 533 4134 rol
550 4080 652 4149 patrito
671 4085 751 4150 utque
770 4083 843 4136 auito
863 4097 939 4136 inore
958 4081 1100 4149 addictam,
1120 4089 1146 4138 et
1160 4084 1208 4140 he·
1256 4122 1259 4128 -

185 4165 316 4220 rediturio
339 4167 399 4219 iuro
425 4166 551 4218 musicam
578 4163 706 4217 tibiarum
734 4169 817 4219 arton
850 4169 885 4219 in·
908 4167 1017 4221 illorum
1042 4170 1211 4236 potissimum

184 4250 317 4305 numinum
342 4249 517 4303 sollemnibus
542 4250 712 4314 exercuisse,
735 4249 835 4317 prohat
858 4248 1009 4304 Boeohhius
1032 4249 1107 4322 Exul.
1134 4253 1209 4309 Pind.

186 4352 210 4402 μ.
228 4338 262 4392 16
277 4339 371 4393 ausos.
394 4333 449 4389 Gir.
470 4337 549 4388 etlam
568 4335 704 4402 Antipatri
721 4334 806 4387 locuni
828 4333 900 4386 inira
919 4332 954 4386 ad
969 4342 1057 4391 usto
1066 4336 1208 4392 laudatum.

948 4417 1002 4480 6*
