2768 4838
129 217 150 279 8

130 397 257 481 πτηνὸς,
275 401 433 481 εἶν’πτερος,
453 397 627 482 πτερόποος
644 405 771 481 propter·
792 401 902 466 πέδιλα
923 397 1022 479 πτηνοὶ
1035 404 1140 482 (Hom.
1152 407 1217 470 0d.
1229 409 1264 489 V,

131 503 201 588 44.)
223 505 331 568 dictus.
361 503 450 587 Quod
474 521 549 565 vero
573 502 611 563 ad
638 521 697 563 rem
720 504 864 584 pertinet,
879 503 1100 567 Mercurius
1123 526 1187 572 non
1204 530 1261 573 so-

131 609 190 669 lnm
211 603 429 689 Ἀργειφόντης
450 608 483 667 et
504 600 648 687 ἕρμηνεῠς
674 605 781 687 (Virg.
795 604 837 668 Α.
854 605 914 685 iV,
939 602 1022 669 377:
1045 609 1261 693 interpres

131 708 293 788 divum),
322 708 476 770 sedidem
499 705 630 788 χθόνιος
652 709 684 768 et
706 701 855 788 εἰρηνικὰς
871 705 980 786 [Ovui.
1006 708 1150 791 mxiv,
1179 713 1259 779 291:

131 811 291 889 pacifer
313 807 488 890 Cyllenius)
509 807 678 872 habebatur
702 811 827 891 eiusque
851 809 955 871 similis
993 809 1175 894 Augustus,
1210 819 1258 899 qui

132 910 213 971 iliius
248 915 280 973 et
301 912 424 973 iorrnsrn
454 910 614 974 iuvenilem
645 913 676 972 et
702 911 798 991 ipsum
828 929 933 973 numen
963 917 1089 994 propter
1117 915 1258 996 placatos

132 1011 276 1076 Caesaris
296 1033 400 1076 nranes
421 1015 672 1093 constitutamque
694 1014 776 1074 orbis
791 1018 934 1078 terrarum
951 1035 1057 1096 pacem
1072 1019 1192 1081 reierre
1208 1022 1257 1082 ri-

131 1114 263 1177 deretur.
317 1115 386 1177 Vid.
409 1113 632 1183 Hemsterb.
661 1115 690 1174 in
720 1114 841 1178 Lucian.
873 1114 1097 1197 contempti.
1119 1141 1153 1202 p.
1186 1119 1258 1185 371.

132 1217 277 1295 Unger.
298 1215 391 1295 Valg.
414 1238 443 1298 p.
465 1215 538 1280 396.
561 1219 593 1278 et
616 1217 671 1279 cir.
692 1216 730 1277 ad
755 1210 792 1280 0.
816 1216 840 1296 1,
866 1216 916 1298 10,
944 1217 992 1280 17.

233 1353 273 1364 -
294 1321 423 1400 patiens
441 1321 549 1380 occari
565 1321 710 1382 caesaris
733 1316 830 1402 abor]
854 1318 972 1382 Graece
997 1321 1118 1403 dictum,
1138 1343 1197 1406 pro
1222 1344 1257 1388 eo

133 1418 212 1501 qood
235 1420 341 1482 Latine
367 1417 520 1479 dicendum
544 1425 611 1483 erat
630 1422 751 1501 patiens
776 1425 806 1485 te
827 1421 933 1482 vocari
955 1419 993 1484 C.
1015 1423 1155 1505 ultorem,
1177 1423 1256 1491 ὑπο-

130 1521 232 1601 μένων
254 1506 421 1584 καλεῖσθαι
442 1524 601 1603 Καίσαρος
622 1521 763 1603 τιμωρός.
815 1522 909 1611 Plane
932 1522 1068 1586 similiter
1094 1521 1132 1605 C,
1154 1524 1180 1606 l,
1205 1526 1257 1606 37,

131 1622 176 1688 30
195 1643 258 1705 sq:
289 1621 475 1682 invidens
497 1624 659 1704 privata
683 1624 823 1688 deduci
846 1625 1047 1708 triumpbo
1079 1625 1150 1688 Viri.
1167 1628 1257 1692 bam-

131 1729 189 1790 bin.
211 1727 250 1788 ad
271 1724 299 1785 b.
320 1724 339 1785 1.
361 1726 392 1785 et
415 1723 493 1786 binc.
515 1723 571 1802 IV,
592 1723 624 1805 4,
646 1724 676 1786 2.

228 1847 259 1888 v.
280 1825 333 1889 45.
379 1822 504 1887 Serme
525 1825 651 1909 redeas]
676 1827 746 1888 Vid.
770 1827 849 1889 Exc.
872 1825 929 1908 lv,
951 1830 1080 1909 append.
1102 1831 1141 1907 de
1167 1834 1254 1895 adie-

132 1929 222 1991 ctivis
245 1927 463 2011 temporalibus
486 1928 696 1991 adverbiorum
720 1930 789 1992 ioco
812 1931 975 2011 usurpans.

567 2101 694 2180 tarro.
720 2101 754 2196 i,
783 2100 817 2179 3.

230 2229 413 2307 Argumenti
437 2229 595 2312 dispositio
621 2236 652 2294 et
681 2232 880 2313 pertractatio
905 2229 1057 2293 Oreliio
1081 2230 1158 2296 haec
1191 2236 1254 2298 iere

129 2351 201 2394 esse
223 2332 360 2394 videtur:
388 2324 632 2410 „Amantissimo
660 2351 748 2413 quurn
771 2332 901 2413 Virgilio
931 2352 987 2394 suo
1010 2333 1199 2416 tranquillam
1221 2357 1255 2400 ae

128 2434 271 2516 periculis
292 2433 415 2519 liberam
437 2436 577 2513 optasset
598 2435 826 2512 navigationem
844 2469 880 2477 -›
900 2454 959 2517 qna
988 2437 1017 2495 in
1043 2453 1076 2497 re
1109 2437 1178 2499 sola
1202 2441 1253 2504 to-

129 2539 189 2601 tius
211 2536 348 2599 carminis
372 2536 498 2597 vertitur
520 2536 612 2599 cardo
631 2572 666 2581 —
679 2581 689 2618 ,
704 2542 829 2600 secutus
845 2537 991 2613 Graecum
1008 2538 1127 2619 aliquod
1143 2558 1252 2603 exem-

128 2640 196 2721 plar
232 2637 359 2700 nondum
399 2638 525 2702 Latinae
563 2640 651 2719 poesi
684 2640 954 2721 accommodatum,
992 2640 1021 2700 in
1057 2638 1137 2701 iiiam
1170 2640 1254 2722 primi

128 2746 239 2805 nautae
269 2740 424 2822 omnisque
453 2740 619 2804 mortalium
648 2745 828 2806 temeritatis
857 2743 1116 2821 exsecrationem,
1155 2743 1253 2825 lyrico

127 2848 241 2928 impetu
263 2845 428 2924 abreptus,
456 2842 542 2905 binius
567 2847 666 2907 tamm
689 2845 815 2907 affectus
837 2862 957 2924 semper
978 2847 1008 2903 et
1031 2863 1162 2906 summus
1200 2866 1252 2910 ar-

128 2951 207 3010 tiiex
231 2950 263 3008 et
294 2946 352 3007 sibi
374 2948 518 3008 constans
545 2950 646 3009 rector
672 2949 825 3029 prorupit3
855 2965 952 3028 eoque
974 2947 1073 3023 magis
1102 2948 1130 3008 in
1161 2950 1253 3033 maris

128 3046 271 3128 periculis
295 3050 327 3108 et
348 3047 554 3108 describendis
577 3053 608 3110 et
630 3049 817 3110 detestandis
840 3050 1010 3110 immoratus
1033 3049 1090 3126 est,
1116 3048 1201 3129 qood
1215 3050 1252 3111 de

128 3151 262 3227 amieo,
281 3166 367 3229 quem
398 3165 543 3229 nunquam
576 3152 685 3230 postea
717 3149 810 3228 vidit,
845 3152 871 3211 si
903 3169 960 3212 non
989 3150 1181 3229 aegrotanti,
1221 3155 1253 3216 at

121 3252 233 3314 saltem
255 3250 370 3312 viribus
392 3252 448 3311 iarn
472 3252 630 3312 imminutis
652 3251 814 3312 timebat“.
857 3253 944 3339 Quod
965 3253 1059 3331 igitur
1078 3251 1130 3313 ille
1152 3257 1253 3334 putat,

118 3353 282 3417 ¹Horatium
300 3369 317 3413 e
335 3351 453 3416 Graeco
470 3353 571 3434 aliquo
587 3354 754 3435 exemplari
776 3353 862 3415 nobis
885 3357 992 3434 ignoto
1016 3358 1154 3417 extrema
1178 3374 1252 3418 car-

126 3457 210 3519 minis
245 3455 424 3519 lineamenta
452 3455 670 3536 descripsisse,
707 3454 736 3516 id
765 3456 808 3516 ita
839 3458 983 3541 credibile
1012 3475 1081 3518 esse
1115 3456 1250 3539 videtur,

125 3563 158 3621 ut
180 3560 210 3621 in
231 3556 288 3622 boc
311 3559 440 3622 carmine
462 3558 621 3622 scribendo
642 3558 776 3620 sortasse
799 3558 837 3620 ad
867 3556 1102 3624 Callimachi
1139 3576 1251 3621 exem-

116 3660 217 3742 ·plunr,
238 3661 349 3738 fragm.
374 3660 446 3726 114.
468 3661 596 3725 Blenri.:

203 3757 245 3825 'A
265 3763 357 3842 ναῦς,
381 3756 401 3825 ἃ
423 3758 458 3826 sd
477 3760 573 3844 μόνον
597 3761 712 3844 φέγγος
730 3760 798 3841 ἐμὶν
818 3753 854 3822 cd
877 3753 971 3840 yioad
991 3765 1046 3832 τᾶς
1070 3758 1140 3833 toria

202 3862 381 3948 Ἅρπαξος,
409 3869 485 3930 nost
501 3890 538 3928 av
559 3858 662 3936 Ζονὸς
684 3863 821 3943 lancinat
841 3860 1063 3940 λιμενοσκόπω.

123 3965 313 4046 respexerit,
344 3970 375 4031 nt
403 3968 492 4028 navis
520 3966 572 4028 iiia
594 3963 631 4028 C.
660 3964 782 4044 1,14.,
810 3965 905 4044 prima
929 3966 1013 4027 certe
1035 3961 1249 4044 conceptione,

123 4086 181 4130 non
199 4068 335 4130 Romana
356 4073 415 4149 est,
437 4069 491 4130 sed
521 4066 633 4129 Alcaei
656 4072 785 4148 poetae,
818 4070 849 4126 ut
875 4065 1031 4147 Archytas
1055 4065 1105 4126 cst
1127 4062 1248 4128 Home-

121 4173 201 4232 ricus
224 4169 358 4251 Elpenor
377 4172 510 4249 itemque
535 4169 653 4229 Nereus
676 4168 843 4231 vaticinans
860 4167 994 4229 eiusdem
1015 4166 1157 4228 Proteus.
1179 4164 1247 4227 Sed

121 4278 243 4353 praeter
265 4273 389 4333 formam
411 4267 499 4330 huius
516 4270 664 4353 exempli,
694 4288 779 4353 quam
797 4266 910 4330 leviter
929 4267 1067 4347 effinxit,
1090 4268 1123 4329 et
1145 4284 1245 4329 exer-

121 4374 197 4436 dinm
228 4374 295 4435 inde
324 4370 482 4434 deductum
508 4371 563 4432 vix
595 4374 750 4456 quicquam
779 4366 858 4433 aliud
882 4365 1091 4434 Alexandrino
1127 4375 1244 4452 poetae
