2768 4838
15 240 32 269 ·'
128 240 192 309 198

127 434 250 498 vatibus
271 429 351 492 rosis
372 426 500 490 miseere
520 423 669 488 amabant.
711 414 827 486 i’ii'nins
847 420 943 505 ΧΧΙ,
971 421 1111 511 501),
1138 426 1175 513 §-
1201 427 1272 492 22:

128 537 245 599 Iulium
278 553 371 594 rosae
405 530 566 592 nobilitate
594 547 785 609 proxumum
820 536 889 590 eat.
907 573 937 591 ..
975 539 1008 592 et
1043 533 1272 613 interpositum

127 648 224 707 etiam
244 656 391 700 maxume
410 650 500 694 rocoa
521 629 627 706 decet,
656 629 757 691 medio
777 640 936 711 proventu
964 654 1074 696 earum
1100 636 1273 717 ὅοοὲρίοω.

127 744 255 807 ovinius
279 740 347 802 Am.
368 736 413 815 ii,
438 733 480 814 5,
509 730 578 795 37.:
618 731 721 808 Quae
748 752 842 794 rosae
859 735 991 816 fulgent
1006 738 1093 798 inter·
1112 756 1180 799 ouo
1204 738 1272 800 litio

126 852 254 911 mistae.
305 842 355 903 Do
377 838 470 900 sertis
490 835 727 914 compotatornm
750 834 1003 900 Prendonaoreon
1026 834 1080 918 34,
1104 834 1164 900 o:

428 939 516 1022 Ὅρα
535 934 593 1000 κάν
612 933 809 1019 στεφάνοισιν

428 1040 540 1114 Ὅπως
560 1040 673 1122 πρέπει
695 1035 733 1102 roi
754 1033 845 1103 λευκά

434 1139 559 1216 ‘Peiore
578 1142 670 1224 κρίνα
692 1141 857 1204 utentum.

125 1256 166 1320 iit
189 1253 297 1317 miscet
319 1265 357 1312 ee
374 1247 522 1309 Horatius
545 1259 666 1326 quoqne
687 1243 717 1303 in
741 1245 857 1306 ooroiia
877 1243 1049 1323 convivati,
1079 1264 1145 1326 qna
1170 1265 1266 1310 orna·

125 1365 175 1423 tus
194 1354 322 1438 sospitis
349 1352 434 1415 amici
454 1347 582 1411 reditum
604 1346 815 1409 celebraturus
836 1350 903 1427 est,
927 1345 1040 1428 (11.1,
1064 1345 1129 1429 36,
1156 1349 1230 1415 lii:

297 1454 373 1518 Neu
397 1455 500 1515 derint
518 1451 619 1534 epulis
640 1470 734 1512 rosae

329 1557 404 1618 Neu
423 1559 519 1618 vivon·
538 1556 645 1637 apium
664 1573 728 1616 nere
750 1553 844 1615 breve
862 1554 1008 1615 lilium.

125 1665 166 1729 Ut
185 1664 261 1728 enim
280 1658 330 1722 hic
351 1657 495 1722 coroiinm
515 1655 724 1738 convivalem,
755 1673 814 1717 non
836 1653 917 1716 alind
939 1653 1029 1714 nilum
1051 1662 1263 1720 omamentnm

125 1767 279 1833 conviviis
302 1761 463 1826 adhibitum
488 1758 714 1839 intelligamus,
737 1758 848 1821 suadet
868 1759 900 1820 et
914 1756 1034 1819 adiecta
1048 1759 1167 1821 mentio
1191 1762 1262 1842 apii,

126 1874 243 1952 dequo
266 1887 338 1930 mox
367 1865 549 1943 viderimus,
579 1864 611 1923 et
637 1862 715 1944 qnod
738 1863 835 1943 ipsum
857 1877 977 1942 quoqne
997 1857 1092 1920 lilium
1116 1860 1222 1924 album
1244 1881 1263 1925 ο

123 1970 396 2057 praestantioribus
417 1967 542 2029 floribus
554 1961 732 2029 'cononariis
753 1967 803 2025 est
818 1957 877 2040 ⁵⁰).

226 2075 317 2138 Mitto
346 2089 529 2152 purpureum
555 2065 750 2148 hyacinthum
784 2068 816 2127 et
844 2081 942 2126 suave
973 2064 1059 2127 niens
1083 2084 1261 2131 amaracum

122 2176 359 2258 serpillumqne,
382 2176 546 2255 praetereo
567 2171 736 2252 permultos
759 2170 836 2230 aiios
857 2168 949 2229 tiores
968 2166 1140 2251 herbasque
1163 2190 1260 2235 coro-

121 2282 221 2344 narias
252 2278 303 2340 vei
331 2271 623 2353 celeberrinms⁵¹),
652 2273 789 2355 qnoniam
819 2289 876 2333 eae
908 2271 945 2333 ab
967 2272 1114 2352 Horatio,
1145 2293 1167 2337 a
1199 2293 1258 2357 qno

121 2382 197 2446 imeo
221 2380 315 2442 omnis
337 2377 502 2458 disputatio
524 2376 658 2456 dnoitnr,
690 2377 719 2438 in
746 2379 1024 2438 coronamentorum
1048 2394 1169 2455 genere
1199 2398 1258 2442 non

121 2490 404 2559 commemorantur,
428 2482 460 2541 et
483 2497 616 2560 propero
640 2479 678 2541 ad
700 2477 841 2541 hederam
865 2479 963 2560 apium
983 2480 1127 2561 populum
1141 2481 1256 2564 albam,

121 2604 199 2671 quae
227 2585 280 2646 iiie
309 2583 377 2645 sola
405 2587 618 2646 coronamenta
647 2587 771 2664 praeter
799 2598 933 2662 eaquae
958 2582 1016 2644 iam
1046 2587 1256 2663 cognovimns

121 2689 300 2754 carminibus
322 2688 385 2749 suis
408 2687 544 2748 inseruit.

219 2791 252 2853 ln
273 2808 374 2853 earnm
395 2791 490 2868 igitur
513 2789 681 2870 plantarum
702 2804 825 2848 nmnero
850 2803 927 2868 quoe
948 2787 1078 2866 ,tontum
1103 2788 1181 2850 foiio
1200 2809 1257 2854 co-

120 2893 285 2958 ronabant‘
315 2892 408 2976 (Ptin.
428 2891 523 2974 xxi,
550 2890 588 2973 9,
619 2890 654 2975 S.
675 2889 717 2953 51
740 2888 848 2973 seqq.)
871 2893 944 2972 post
962 2893 1089 2970 myrtum
1113 2892 1256 2954 secundo

223 3224 274 3261 nnr
291 3210 319 3260 iu
338 3203 455 3271 Girten,
474 3202 517 3256 die
536 3210 592 3256 erst
609 3202 731 3257 kirrziich
752 3221 804 3259 uon
828 3203 959 3260 Fremden
976 3206 1105 3277 angeiegt
1123 3209 1255 3263 waren.“

221 3289 260 3345 De
289 3293 396 3345 nornine
420 3287 608 3345 Wittstein
636 3295 701 3343 Lex.
729 3290 919 3360 etymon-out.
940 3307 961 3344 a.
988 3306 1027 3349 v.:
1056 3291 1147 3365 „Vonr
1171 3294 1253 3348 eeiti·

222 3373 302 3431 sehon
324 3376 351 3429 ii
372 3373 496 3443 (weiss),
521 3375 548 3426 in
574 3373 667 3444 Bezng
690 3374 740 3427 aui
761 3374 805 3429 die
823 3373 999 3432 bekannteste
1016 3376 1097 3434 Art.“
1133 3377 1171 3433 De
1191 3379 1253 3434 iiiio

220 3460 334 3517 Jononis
359 3460 426 3516 tiore
452 3466 478 3515 et
496 3460 554 3530 spei
575 3462 709 3516 eastitatis
735 3461 934 3530 pudicitiaeque
952 3461 1031 3531 cigno
1050 3459 1105 3517 vii.
1140 3461 1252 3517 iiior·

219 3544 308 3601 bacin
326 3544 400 3602 Flor.
418 3543 498 3616 myth.
520 3561 545 3613 p.
566 3550 616 3603 135
633 3561 690 3616 seq.

133 3645 198 3714 ’50)
214 3643 255 3699 Ea
280 3644 313 3698 de
338 3645 550 3712 rescriptorum
578 3645 650 3699 dicte
675 3645 790 3715 piurima
808 3643 920 3717 collegit
946 3643 1165 3700 Pasohelina
1184 3643 1272 3698 Com·

218 3728 259 3796 ii,
280 3734 305 3787 8.
324 3745 350 3799 p.
367 3731 529 3787 -164-168.

148 3827 196 3896 51)
214 3824 378 3881 Enumerant
407 3840 454 3882 eas
477 3826 564 3882 Voss
592 3827 626 3881 ad
655 3827 732 3898 virg.
755 3827 812 3883 lici.
831 3837 864 3896 2,
892 3832 1033 3895 45-5o.,
1055 3826 1196 3882 ‘Becker
1221 3829 1251 3882 in

218 3908 381 3966 Charicie
401 3911 434 3968 Τ.
453 3911 473 3966 1.
497 3929 522 3983 p.
544 3918 591 3971 181
611 3927 683 3984 uem,
704 3914 760 3968 aiii.
807 3913 928 3968 Subiieio
947 3927 1016 3984 qnae
1034 3914 1154 3968 breuiter
1174 3909 1250 3967 conr·

217 3997 310 4068 plenus
329 4002 370 4052 est
388 3995 496 4050 Fraus
514 3996 614 4067 Synop.
631 3998 668 4067 pl.
686 3997 745 4052 tior.
765 3998 844 4052 elasa.
864 4015 889 4069 p.
908 4001 949 4056 t:
969 3998 1051 4068 „Von
1072 3998 1123 4052 den
1145 3999 1249 4068 pientia

217 4085 368 4136 coronariis
391 4082 440 4137 der
462 4080 540 4137 Aiten
564 4087 660 4151 mogon
679 4082 828 4138 berondero
845 4082 913 4138 no‘ch
939 4083 1041 4149 Liiien,
1069 4080 1175 4137 Neiken
1192 4084 1250 4138 unni

218 4164 443 4231 Kiatsehneiken‚
467 4164 579 4232 Minue,
602 4164 771 4233 Anemonem
800 4168 947 4240 Thynian,
968 4169 1082 4234 Seiron,
1102 4167 1247 4239 Hyacinth‚

218 4250 405 4316 Gistroaehen,
429 4249 592 4316 Narzissen,
620 4250 772 4307 iretischer
796 4253 939 4320 Sissiuiee,
964 4252 1165 4322 Mutterkrant,
1190 4254 1248 4310 Lo-

217 4334 328 4402 nondoi,
346 4334 489 4406 Majoruu‚
508 4333 732 4395 Weidenroschon
750 4345 800 4394 eto.
817 4344 936 4410 genennt
954 4338 1045 4395 aein.“
