2768 4838
125 205 186 271 182

125 395 190 457 lolii
211 393 396 464 potissimum
419 392 523 472 specie
545 394 637 473 atque
659 392 754 454 odore
773 393 1084 470 commendarentur3
1111 397 1180 461 alia
1203 417 1269 462 vem

125 496 229 560 colore
253 497 367 558 tantum
401 498 432 556 et
452 496 557 576 specie
580 493 756 574 placebant,
783 495 858 558 odor
886 497 952 577 ab·
993 526 997 533 ·
1025 528 1029 561 ;
1055 499 1159 563 velut
1191 521 1268 565 ama-

123 600 212 661 ranto
230 597 347 659 omnino
374 599 406 658 et
418 598 508 659 lovis
530 595 597 658 dori
617 595 679 676 ipsi
701 595 818 677 quidem
840 601 874 661 et
889 499 1162 699 dimensae
1177 601 1266 684 phlox

124 704 255 762 vocatur
278 693 442 781 ete-(Plin.
466 718 493 761 e.
506 696 537 778 8,
551 695 603 762 23.
626 695 677 776 10,
694 695 781 776 33.);
803 697 862 759 alia
880 699 977 763 odoro
997 704 1111 781 uagis
1137 708 1196 768 ant
1218 706 1266 767 iri-

124 821 221 883 gom,
246 804 280 863 ut
298 798 411 875 herbae
433 801 618 882 pleraeque3
640 801 786 882 quaedam
807 799 953 863 interdum
975 803 1071 864 etiam
1096 823 1139 870 ca
1164 809 1265 886 gratia

124 905 366 988 quaerebantur,
386 903 465 986 quod
491 906 583 967 certis
606 903 728 965 deornm
753 903 918 965 numinibus
942 919 1033 968 sacra
1056 912 1167 989 erant,
1190 913 1264 972 sicut

126 1008 241 1070 hedera
270 1003 411 1084 baccho,
436 1010 553 1085 myrtus
579 1005 710 1087 Veneri,
738 1024 810 1069 rosa
840 1004 998 1087 Cupidini,
1030 1007 1144 1071 laurus
1176 1014 1262 1094 atquc

125 1107 310 1190 hyacinthus
331 1106 470 1187 Apollini
493 1107 662 1190 Musisque,
689 1108 759 1171 alba
781 1109 913 1189 populns
925 1109 1051 1172 Herculi
1077 1118 1261 1176 consecrata

123 1216 200 1276 erat.
244 1212 384 1291 Denique
413 1213 551 1293 quoniam
578 1210 639 1273 alia
669 1210 794 1272 aliorum
817 1215 983 1292 temporum
1007 1220 1138 1278 munera
1164 1221 1261 1296 erant,

123 1333 184 1378 non
212 1313 414 1395 repudiabant
436 1311 547 1376 Graeci
581 1313 724 1397 quidquid
748 1313 888 1392 benigna
917 1318 1026 1377 natura
1055 1333 1179 1395 parens
1209 1339 1259 1380 suo

123 1421 261 1497 tempore
283 1417 492 1494 largiebatur,
520 1417 596 1495 sed,
629 1421 664 1480 ut
691 1417 751 1498 ipsi
782 1416 998 1497 loquebantur,
1027 1411 1138 1497 ὦραῖᾳ
1158 1416 1259 1484 πάντα

122 1521 184 1584 τῶν
205 1514 456 1600 στεφανωμάτων
481 1522 573 1596 grata
598 1520 758 1583 sumebant
788 1536 893 1600 manu,
927 1537 1015 1602 quum
1037 1518 1160 1582 Romae
1190 1543 1260 1586 mox

124 1623 282 1703 ,aestivae
305 1622 392 1682 nives
414 1625 447 1684 et
466 1619 654 1684 hibernae
675 1621 812 1685 rosae‘
839 1621 996 1703 omniaque
1017 1621 1113 1684 alieni
1137 1627 1259 1708 tempo·

122 1725 166 1787 ris
192 1728 224 1786 et
242 1724 337 1802 longe
359 1725 497 1805 quaesita
519 1726 619 1804 magis
641 1719 897 1804 delectassent.

118 1829 121 1834 ’
231 1826 264 1887 ln
285 1825 421 1887 omnibus
441 1827 538 1904 igitur
558 1826 780 1888 coronamentis
802 1824 904 1888 multis
919 1843 955 1887 ao
968 1825 1064 1886 variis
1080 1825 1123 1890 de
1141 1831 1260 1893 caussis

124 1929 321 2012 principatum
357 1945 479 2008 semper
513 1928 690 1991 obtinebant
728 1930 881 2007 myrtus
911 1924 1008 2010 ‘atque
1043 1927 1156 2017 rosa„
1213 1932 1259 1997 Ac

78 2095 82 2101 ,
122 2033 214 2112 myrti
237 2032 355 2113 quidem
380 2031 455 2092 lolio
477 2029 683 2109 Athenienses
709 2031 738 2091 in
760 2028 817 2091 hae
845 2046 879 2090 re
901 2032 962 2091 tam
982 2029 1176 2110 frequenter.
1190 2037 1259 2096 ute-

122 2136 249 2214 bantur,
278 2137 312 2197 ut
338 2133 407 2196 inde
431 2131 561 2195 Athenis
591 2151 628 2194 ea
652 2151 726 2213 pars
749 2131 806 2193 lori
834 2131 886 2192 ubi
909 2132 1042 2195 corollae
1068 2134 1259 2205 texebantur

124 2223 156 2299 et
184 2237 329 2297 venibant
364 2234 540 2314 simpliciter
569 2233 603 2296 ui
629 2229 776 2319 μυῤῥίναι
805 2239 991 2296 vocarentur
1023 2239 1078 2298 ant
1112 2239 1257 2317 peculia·

123 2339 166 2400 ris
183 2336 223 2397 ihi
245 2335 331 2398 locus
355 2338 462 2415 myrtis
481 2335 648 2397 vendendis
662 2329 823 2416 ,esset²⁵>,
848 2337 937 2399 sicuti
960 2337 1077 2399 Romae
1101 2344 1259 2403 mercatus

121 2458 256 2503 rosarum
280 2440 354 2499 erat.
406 2439 446 2500 nt
468 2455 562 2517 saepe
584 2439 651 2501 sola
673 2442 772 2519 myrto
796 2440 928 2500 contenti
958 2441 1054 2504 erant.
1073 2426 1082 2439 ’
1099 2439 1160 2505 Sic
1184 2443 1259 2503 enim

121 2540 258 2604 Eubulus
279 2541 410 2603 comicus
432 2538 512 2621 apud
535 2539 724 2603 Athenaeum
746 2540 818 2622 XV,
840 2541 968 2623 6791,
989 2541 1041 2604 l'r.
1064 2537 1141 2607 100.
1164 2543 1259 2606 lllein.

121 2664 153 2725 p.
172 2641 254 2708 619:

125 2775 327 2788 .—-——--—-=

155 2860 204 2929 24>
222 2856 344 2913 Maerob.
363 2856 471 2911 Satura.
491 2856 559 2923 llll,
577 2864 606 2916 5:
629 2900 646 2925 ,‚
659 2858 715 2913 Nec
735 2861 775 2912 sio
793 2858 903 2911 admitto
921 2858 1096 2920 uarietatem,
1115 2861 1147 2909 ut
1165 2857 1256 2913 luxum

224 2943 352 3014 probem,
370 2943 415 2996 ubi
435 2949 781 3014 quaerunturaestivae
804 2946 906 2998 nives
932 2947 965 2994 ei
991 2940 1169 2997 hibernae
1195 2960 1256 2998 ro·

227 3030 323 3083 sae.“
368 3024 545 3082 Mamertinus
565 3028 665 3099 Paneg.
691 3030 789 3084 Julian.
815 3035 864 3083 11:
902 3041 1007 3096 „quum
1034 3030 1255 3097 quaesitissimae

225 3112 308 3178 dapes
321 3124 374 3161 non
386 3117 476 3179 gustu,
496 3112 544 3164 sed
557 3112 759 3168 difficultatibus
776 3116 989 3177 aestimarentur,
1007 3113 1139 3166 miracula
1152 3117 1253 3180 avium,

225 3196 366 3262 longinqui
384 3198 465 3248 maris
483 3199 586 3265 pisces,
604 3199 687 3251 alieni
703 3201 832 3268 temporis
849 3199 1120 3265 poma,aestivae
1138 3200 1252 3263 uires,

225 3279 401 3333 hibernae
420 3284 561 3334 rosae.“
592 3285 704 3337 Latinus
724 3282 838 3336 Pacatus
857 3279 956 3359 Paneg.
974 3278 1077 3347 Theod.
1100 3283 1151 3338 14:
1172 3280 1252 3348 „Pa-

224 3381 280 3419 rum
303 3380 332 3419 se
350 3365 438 3418 lautos
460 3365 605 3434 putabant,
633 3371 685 3421 nisi
709 3369 816 3422 luxuria
832 3367 960 3422 vertisset
976 3379 1087 3430 annum,
1113 3367 1169 3419 nisi
1193 3365 1251 3419 hi-

223 3453 354 3506 bernae
378 3450 480 3520 poculis
510 3467 618 3506 rosae
643 3456 826 3516 innatassent,
850 3452 903 3503 nisi
927 3450 1070 3502 aestiua
1087 3449 1117 3500 in
1136 3453 1251 3524 gemmis

224 3536 368 3606 capacibus
391 3534 512 3603 glacie
533 3535 651 3591 Falerna
677 3537 859 3607 fregissent.“
897 3531 988 3588 Gonlr.
1008 3530 1198 3586 lilitscherlieh
1217 3533 1251 3587 ad

223 3621 286 3678 llor.
306 3617 373 3683 (1.1,
392 3624 435 3684 38,
455 3626 479 3676 3.

155 3720 204 3788 25)
221 3713 357 3785 Aristoph.
378 3715 568 3779 Thessalia:
664 3750 667 3755 ·

290 3798 428 3869 παιδάρια
443 3806 525 3858 πέντε
546 3800 723 3864 καταλιπών,
743 3798 799 3870 dyo}
817 3797 896 3867 poto

292 3883 624 3955 ccapuvqccicaob‘u’
644 3883 757 3952 ἔβοσκον
775 3884 811 3939 ἐν
832 3885 908 3941 tait
927 3883 1123 3953 μυρῥίναισ.

224 3971 358 4026 Plurimae
377 3973 447 4024 enim
464 3973 492 4024 in
507 3966 623 4022 Graecia
640 3970 766 4024 mulieres
786 3971 894 4023 coronis
914 3967 1063 4037 plectendis
1082 3967 1247 4024 vendendis-

222 4071 274 4128 qne
293 4061 477 4125 paupertatem
501 4054 703 4120 sustentabant,
729 4038 951 4124 στεφιῖνηπλόκοι
969 4059 995 4106 et
1013 4049 1250 4121 orepaooadadm

222 4139 326 4205 dictae;
355 4142 510 4208 intorques
528 4135 812 4210 celebraturtllyoera
836 4139 884 4191 illa
904 4136 991 4191 l'linio
1007 4134 1089 4213 XXI,
1109 4143 1141 4200 2,
1162 4143 1188 4194 3.
1219 4139 1246 4190 et

220 4224 330 4292 XXXV,
350 4233 391 4291 11,
409 4225 566 4296 40..§.125.
603 4220 685 4277 Plura
703 4221 922 4277 Paschalins
941 4222 1001 4279 (lor.
1015 4220 1049 4287 ll,
1069 4229 1110 4278 12.
1130 4238 1155 4292 p.
1170 4228 1246 4286 108.;

205 4309 253 4369 ,de
271 4310 353 4364 solita
370 4314 457 4363 autern
476 4322 566 4363 earum
585 4306 696 4364 Athenis
713 4311 742 4363 in
757 4309 819 4362 loro
837 4307 900 4362 sede
919 4306 969 4363 cir.
987 4306 1060 4361 inira
1078 4311 1134 4362 not.
1154 4314 1197 4366 37.
