2768 4838
480 421 610 502 carn.
637 422 670 519 Ι,
700 419 758 501 18.

160 610 192 651 ν.
217 588 244 652 l.
288 589 405 652 Initium
428 591 586 653 carminis:
615 589 644 653 N
653 589 787 669 ulium,
811 587 934 671 Vare,
962 572 1079 657 sacra
1104 592 1196 659 s'ite

58 689 169 769 prius
193 693 354 753 seceris
376 691 573 773 arborem,
597 691 800 755 sluAlcseo
824 694 973 771 sumptum
996 713 1068 758 esse
1085 717 1195 779 appa-

56 794 123 873 ret,
143 794 228 857 cuius
249 792 326 856 haec
350 797 495 874 exstant,
515 794 565 857 Fr.
576 791 629 856 44.
647 793 776 873 Bergk„
784 790 838 856 36.
860 792 1056 858 Schneides.
1064 817 1098 881 p.
1107 799 1180 862 277
1185 819 1196 860 ε

145 893 302 978 quis¹J
327 893 402 960 sidio
425 891 576 984 φονεύσῃς
598 890 750 977 πρότερον
772 897 916 982 δένδρεον
936 894 1075 980 ἀμπέλω,
1155 952 1159 957 .

59 994 135 1059 Num
163 1001 197 1061 et
223 1001 347 1060 metrum
378 1001 411 1061 et
441 998 539 1060 verba
571 997 661 1078 piane
690 1001 897 1075 consentiunt3
930 1021 971 1063 ex
999 1021 1060 1085 quo
1089 1007 1196 1065 tumen

59 1116 209 1162 consensu
241 1104 273 1164 tu
298 1118 378 1165 esve
406 1118 445 1165 ne
472 1119 538 1162 curu
569 1099 808 1164 itiitseireriicirio
836 1100 894 1165 hoc
919 1103 1051 1183 efficias,
1078 1102 1193 1183 „irauud

59 1200 149 1265 dubis
174 1202 348 1265 universum
376 1218 496 1265 carruen
526 1220 568 1264 ex
588 1201 708 1265 Alcaeo
736 1222 918 1285 expressum
944 1205 1064 1279 esse“;
1102 1207 1195 1265 iuumo

59 1318 136 1365 vcro
168 1322 281 1365 versus
318 1302 465 1368 Alcaicus
502 1305 542 1366 nii
573 1305 632 1367 nisi
662 1305 784 1385 insigne
816 1307 973 1368 exordium
1015 1312 1082 1385 est,
1128 1325 1192 1368 ve-

58 1403 115 1467 isti
136 1423 309 1486 purpureus
330 1405 447 1487 quidam
468 1424 584 1487 pannus
606 1407 655 1487 qui
676 1406 740 1471 iste
762 1407 941 1490 splendeat,
971 1426 1061 1491 quoru
1093 1416 1193 1489 poeta

59 1536 104 1549 -
125 1523 168 1568 ex
190 1506 313 1570 Pindari
332 1507 381 1567 sui
402 1510 569 1588 praecepto
593 1505 641 1569 01.
652 1506 705 1589 vi,
717 1506 749 1572 3.
764 1511 822 1573 B.:
847 1507 1024 1593 ἀρχομένου
1045 1505 1078 1574 δ’
1093 1509 1193 1593 ἔργον

57 1603 275 1689 πρόσωπον
300 1604 359 1691 χρή
382 1610 481 1692 θέμεν
502 1610 697 1691 τηλαυγές
718 1645 757 1659 -·
782 1609 851 1674 huie
873 1613 996 1676 carmini
1019 1612 1103 1675 nullo
1128 1614 1190 1676 aiis

60 1711 187 1775 consilio
209 1712 371 1794 praefixit,
394 1731 481 1796 quum
502 1714 536 1775 ut
557 1711 670 1773 initium
691 1715 817 1776 canendi
837 1717 981 1796 sumeret,
1002 1734 1063 1799 quo
1087 1715 1190 1779 duciis

58 1814 162 1876 amicis
184 1816 409 1894 gratificaretur
431 1831 596 1897 eorumque
626 1817 821 1878 attentionem
852 1818 987 1880 acueret.
1028 1815 1105 1879 Nam
1131 1815 1191 1881 iroc

57 1917 125 1979 fers
152 1917 231 1981 dixit
252 1917 372 1983 Graeco
395 1918 447 1982 iilo
470 1936 582 1996 versu,
605 1935 692 1998 quern
715 1936 757 1980 ex
786 1919 937 2001 frequenti
964 1917 1095 1981 lectione
1123 1939 1191 1981 me·

57 2020 152 2083 moria
175 2023 310 2085 tenerets
341 2022 461 2108 „Quod
489 2019 645 2085 iamiiiaris
673 2022 761 2083 nobis
787 2023 880 2102 poeta
902 2020 1038 2084 Alcaeus
1063 2021 1192 2085 suadet:

57 2119 88 2181 N
94 2120 211 2185 ulteru
236 2126 315 2203 cet,
336 2124 367 2184 id
391 2140 455 2201 ego
477 2126 587 2203 tuque,
612 2140 630 2182 o
654 2121 752 2204 Vere,
776 2123 1022 2205 comprobamus,
1045 2142 1135 2205 quum
1161 2127 1192 2187 in

57 2224 214 2302 comperto
235 2221 417 2302 habeamus,
445 2222 528 2286 nulia
547 2242 581 2286 re
604 2225 705 2303 magis
726 2226 818 2288 vitam
845 2223 1001 2289 humanam
1023 2226 1191 2292 exhilarari
1252 2234 1255 2239 '

56 2341 145 2406 quam
167 2324 274 2386 modici
294 2323 397 2387 hiberi
418 2323 608 2408 Venerisque
634 2327 769 2390 decentis
792 2328 984 2392 muneribus:
1011 2334 1044 2394 at
1069 2350 1191 2394 caven-

57 2425 144 2507 dum,
163 2427 192 2488 si
213 2425 414 2491 Homerum
436 2427 636 2509 consulimus,
666 2428 755 2492 cet.“
812 2429 899 2510 Quod
929 2450 1016 2514 quum
1044 2451 1119 2494 vere
1151 2435 1190 2497 dc

56 2530 149 2593 initiis
170 2533 348 2611 carminum,
379 2530 537 2611 eLyricis
558 2533 687 2595 maxirue
708 2533 866 2613 repetitis,
890 2551 909 2593 e
930 2532 1017 2595 noiris
1039 2533 1190 2599 ohserva-

57 2637 117 2697 tum
138 2634 190 2714 sit,
211 2635 279 2716 ipsa
301 2636 488 2716 comparatio
511 2633 613 2696 docet.
658 2633 723 2697 Cir.
749 2631 785 2696 O.
808 2632 833 2712 1,
855 2632 884 2713 1,
904 2631 936 2697 3.
959 2634 982 2715 1,
1008 2633 1040 2716 3,
1066 2634 1093 2698 l.
1115 2637 1141 2717 1,
1157 2638 1191 2721 9,

56 2733 87 2799 1.
118 2734 253 2819 1,1s‚1.
282 2737 306 2819 1,
324 2735 375 2818 14,
389 2734 421 2801 3.
451 2732 1067 2820 1‚18‚1.1‚19,r.1,23,1.u,30‚1.
1093 2736 1190 2821 1‚31,

56 2836 89 2902 1.
117 2838 141 2920 1,
154 2839 207 2922 32,
229 2840 258 2904 l.
288 2840 313 2923 1,
330 2838 384 2919 34,
397 2840 427 2903 2.
455 2838 479 2919 1,
495 2836 548 2917 37,
566 2835 596 2900 l.

158 2943 290 3006 Eandem
313 2943 351 3003 de
376 2942 438 3003 vini
459 2941 546 3001 bonis
566 2939 745 3000 sententiam
763 2939 981 3021 Euripides
1003 2961 1091 3024 quum
1115 2943 1190 3008 aiibi

56 3060 153 3124 saepe
181 3047 242 3106 tum
276 3044 306 3104 in
335 3041 463 3104 Bacchis
494 3041 616 3103 uberius
647 3042 679 3102 et
713 3041 811 3104 fusius
840 3045 1005 3124 exposuit,
1037 3045 1077 3107 ad
1097 3064 1188 3128 quern

55 3146 154 3226 ipsum
177 3161 296 3228 quoque
321 3143 466 3206 Horatius
487 3130 666 3220 respexisse
687 3141 821 3224 videtur,
844 3144 907 3206 uid.
930 3145 968 3206 ad
992 3165 1038 3207 vs.
1061 3143 1134 3209 oet
1151 3146 1206 3229 c„

55 3247 217 3330 Reliquum
242 3250 340 3309 autern
364 3244 502 3308 carminis
532 3243 740 3322 argumentum
763 3244 801 3306 de
824 3245 1016 3309 incommodis
1040 3248 1102 3310 vini
1143 3265 1189 3313 ex

56 3350 218 3415 Homero
245 3351 349 3431 potius
387 3347 438 3410 vel
467 3345 722 3426 Theognide,
758 3346 841 3408 illius
876 3351 1050 3430 sectatore,
1075 3349 1188 3414 adum·

54 3455 167 3536 bravii,
192 3476 225 3517 v.
248 3473 299 3518 vs.
325 3453 355 3515 7.

157 3577 189 3622 v.
211 3555 242 3621 3.
266 3575 336 3639 sqq.
359 3552 458 3616 Siccis
480 3555 585 3615 omnia
609 3574 684 3615 nom
705 3552 787 3614 ders
809 3553 889 3616 deus
904 3554 1072 3635 proposuit
1085 3573 1190 3637 nsque

353 3657 521 3720 Moesiacos
534 3658 627 3719 aliter
642 3655 818 3738 diffugisset
828 3654 1053 3718 sollicitudines
1063 3650 1142 3739 cet]

53 3757 105 3821 Ad
130 3758 309 3820 sententiam
332 3761 388 3822 cir.
413 3758 555 3823 Alcaei
584 3758 634 3819 Fr.
656 3755 710 3821 33.
732 3756 845 3820 Scin:
877 3749 971 3823 Οἶνον
998 3750 1059 3842 γδρ
1081 3758 1187 3838 Σεμέ-

52 3866 110 3936 λας
136 3863 190 3925 καὶ
209 3859 285 3937 Διὸς
306 3856 371 3936 vida
401 3859 576 3927 λαθικαδέα
596 3851 828 3942 Ἀνθρώπονσνν
855 3857 987 3936 ἔδωκεν,
1007 3863 1049 3928 et,
1062 3858 1186 3923 Euri·
1206 3882 1209 3887 ·

105 4150 134 4218 1)
152 4155 170 4208 i.
190 4165 214 4206 e.
230 4147 325 4220 μηδέν.
360 4148 457 4202 Aenios
480 4150 548 4200 enim
566 4150 589 4200 θ
606 4144 667 4203 eid
691 4147 835 4205 mutabant
881 4147 940 4204 vid.
961 4146 1123 4203 Boissonad.
1150 4149 1185 4203 ad

155 4234 236 4306 Greg.
256 4235 318 4289 Gor.
338 4249 364 4302 p.
384 4235 436 4289 614
454 4238 480 4287 et
498 4229 619 4288 Eustath.
637 4231 671 4285 sd
690 4230 765 4285 Hom.
785 4247 809 4299 p.
830 4233 913 4298 asir,
933 4238 982 4290 23:
1011 4236 1035 4288 d
1055 4230 1086 4288 ἐν
1102 4230 1188 4289 τοῦδ

154 4319 258 4388 τραπὲν
277 4314 426 4384 Alsiensis,
447 4313 505 4372 oisc
523 4313 603 4372 οὐδέν
620 4313 657 4370 οδ
667 4316 740 4376 δέν,
760 4313 842 4374 δάνον
856 4314 971 4375 δοὶοον
987 4316 1045 4373 ssi.
