2768 4838
553 1416 926 1540 Conspectus

272 1602 468 1708 scripturum
502 1603 701 1686 Graecorum
733 1623 808 1686 uum
840 1600 973 1684 Horatio
1010 1601 1221 1684 collatorum.
1274 1572 1277 1576 ⁵

178 2045 361 2177 Antequam
390 2092 426 2156 ad
453 2111 516 2155 reru
541 2095 637 2174 ipsam
667 2093 838 2172 aggrediar
862 2111 949 2176 quam
976 2088 1135 2172 proposui,
1155 2107 1310 2169 exponam

179 2199 319 2261 breviter
340 2182 490 2257 'rationem
520 2195 637 2258 consilii
661 2196 728 2257 mei.
772 2194 1026 2278 Quandoquidem·
1041 2193 1136 2271 enim,
1160 2192 1309 2273 quemad·

179 2300 296 2362 modum
331 2297 409 2358 ratio
448 2298 541 2358 totius
580 2297 683 2382 operis
718 2297 873 2379 descripta
902 2294 970 2358 urihi
999 2294 1029 2355 in
1057 2294 1219 2356 Prooemic
1250 2296 1310 2371 est,

181 2401 300 2464 Horatii
327 2388 495 2462 Carmiuum
520 2399 628 2462 tibrum
658 2399 781 2479 primum
810 2400 972 2467 collatione
1002 2397 1182 2479 scripturum
1207 2394 1309 2458 Grae-

180 2521 282 2568 corum
306 2501 458 2563 iilustrare
479 2504 597 2564 omnino
627 2501 686 2565 hoc
715 2501 841 2565 consilio
869 2501 1003 2579 institui,
1032 2500 1066 2560 ut
1087 2499 1153 2559 cius
1176 2497 1316 2561 Graeci·

89 2623 91 2627 ·
183 2623 298 2684 smum,
317 2604 366 2687 qui
391 2603 531 2686 quidquid
548 2605 606 2666 ilie
632 2608 664 2667 et
678 2623 783 2667 rerum
810 2605 843 2668 ct
863 2603 1026 2666 verborum
1050 2587 1184 2664 imitanti
1208 2601 1309 2662 studio

181 2728 199 2772 e
219 2706 349 2772 Graecia
372 2706 527 2769 transtulit
544 2725 660 2790 suaque
689 2707 765 2770 iecit
786 2700 1056 2786 com·plectitur¹),
1083 2704 1309 2783 investigarem

182 2814 272 2894 atque
290 2809 485 2871 excuterem:
508 2807 575 2871 huic
592 2826 637 2870 mc
651 2809 800 2887 instituto,
823 2822 883 2888 quo
898 2824 975 2886 opus
988 2804 1047 2868 hcc
1066 2823 1151 2868 omne
1166 2824 1309 2886 aggres-

182 2932 338 2991 sussum,
368 2911 411 2972 ita
436 2895 551 2970 demum
576 2913 824 2976 satisfacturum
847 2908 1040 2988 existimavi,
1068 2909 1094 2968 si
1118 2926 1157 2970 ea
1173 2926 1262 2990 quac
1282 2909 1311 2968 in

182 3034 216 3078 rc
240 3015 381 3092 dispersa
402 3013 495 3092 atquc
519 3011 631 3078 infinita
654 3014 832 3075 viderentur
856 3010 1026 3072 observato
1048 3027 1118 3103 csso
1139 3011 1259 3072 rationo
1279 3013 1312 3072 et

89 3139 92 3146 ·
184 3115 396 3178 distributione
425 3112 482 3173 sui)
513 3132 570 3176 uno
594 3104 724 3197 aspectu
749 3100 902 3197 ponerem.
945 3109 1071 3193 ltaque,
1097 3131 1184 3193 quum
1204 3108 1311 3175 'Grae-

184 3218 269 3281 ci‘smi
285 3215 443 3279 Horatiani
467 3219 582 3295 partem
604 3200 685 3281 iilam
709 3217 834 3281 atteram
847 3215 1100 3294 grammaticam,
1122 3233 1211 3302 quam
1234 3232 1311 3276 nuuc

187 3319 312 3403 proprio
333 3335 370 3380 ac
391 3319 557 3398 praecipuo
581 3318 802 3383 Graccismi
824 3316 941 3380 nominc
963 3305 1120 3397 appellare
1142 3318 1310 3380 consueri-

184 3442 266 3503 mus,
303 3419 363 3481 aiio
385 3419 464 3481 iihro
491 3422 656 3502 separatim
686 3419 929 3502 pertractandam
968 3419 1037 3481 mihi
1066 3419 1311 3500 proposuissem:

183 3524 248 3604 hic,
268 3542 327 3605 quo
352 3521 390 3583 ad
414 3526 506 3601 caput
526 3515 772 3588 imitationis
796 3521 997 3604 Graecam·
1019 3523 1064 3586 sic
1085 3523 1162 3583 onim
1185 3521 1312 3585 alteram

184 3692 389 3705 ‚..-..---

243 3808 272 3875 1)
290 3806 357 3860 Tam
378 3805 432 3858 iate
451 3800 656 3861 Graecisms
676 3809 812 3877 regionem
838 3811 931 3876 patero
949 3807 1061 3861 vidimus
1080 3809 1106 3860 in
1126 3805 1268 3860 Prooemio
1287 3823 1312 3876 p.

290 3887 344 3954 VL,
366 3903 523 3960 quamquam
538 3907 607 3945 nunc
627 3895 728 3959 partem
749 3889 885 3944 dumtaxat
899 3894 957 3946 eius
973 3894 1013 3945 r'ei
1032 3893 1233 3963 grammaticam
1251 3888 1309 3943 rhe-

288 3974 456 4043 toricumquc
480 3990 548 4045 quac
574 3977 602 4027 in
626 3972 768 4026 uerborum
794 3974 888 4028 turmis
915 3984 942 4030 et
966 3977 1107 4030 structuris
1131 3970 1314 4045 grammaticis

290 4060 414 4127 omnique
433 4059 550 4112 dictione
570 4056 736 4112 Graecanica
755 4064 896 4124 versatur,
925 4056 1073 4114 Graecismi
1095 4059 1202 4114 nornine
1220 4059 1314 4129 appet-

289 4145 347 4199 iarc
366 4145 565 4203 consuevimus,
595 4141 688 4195 seri-in
710 4157 742 4195 eo
762 4158 931 4222 communem·
945 4149 1034 4215 potius
1056 4143 1184 4214 loquendi
1200 4159 1314 4198 consue-

288 4227 406 4282 tudinem
426 4241 504 4297 quam
523 4228 677 4298 analogiam
694 4228 770 4282 vorbi
791 4231 928 4300 ipsamque
948 4228 1070 4283 veritatis
1086 4229 1208 4300 reguiam
1221 4232 1315 4284 secuti.

292 4309 347 4366 Cir.
368 4317 458 4364 notam
479 4327 536 4382 seq.
907 4319 910 4325 “
