<?xml version="1.0" encoding="UTF-8"?>
<!DOCTYPE html PUBLIC "-//W3C//DTD XHTML 1.0 Transitional//EN"
    "http://www.w3.org/TR/xhtml1/DTD/xhtml1-transitional.dtd">
<html xmlns="http://www.w3.org/1999/xhtml" xml:lang="en" lang="en">
 <head>
  <title>
</title>
<meta http-equiv="Content-Type" content="text/html;charset=utf-8" />
  <meta name='ocr-system' content='tesseract 3.04.00' />
  <meta name='ocr-capabilities' content='ocr_page ocr_carea ocr_par ocr_line ocrx_word'/>
</head>
<body>
  <div class='ocr_page' id='page_1' title='image "./qhoratiiflaccic00garcgoog_0013.png"; bbox 0 0 2768 4838; ppageno 0'>
   <div class='ocr_carea' id='block_1_1' title="bbox 159 264 193 309">
    <p class='ocr_par' dir='ltr' id='par_1_1' title="bbox 159 264 193 309">
     <span class='ocr_line' id='line_1_1' title="bbox 159 264 193 309; baseline -0.059 0"><span class='ocrx_word' id='word_1_1' title='bbox 159 264 193 309; x_wconf 85' lang='lat' dir='ltr'><strong>Vl</strong></span> 
     </span>
    </p>
   </div>
   <div class='ocr_carea' id='block_1_2' title="bbox 158 425 1294 2964">
    <p class='ocr_par' dir='ltr' id='par_1_2' title="bbox 158 425 1294 2964">
     <span class='ocr_line' id='line_1_2' title="bbox 162 425 1291 511; baseline 0.002 -17"><span class='ocrx_word' id='word_1_2' title='bbox 162 432 231 494; x_wconf 88' lang='lat' dir='ltr'><strong>sius</strong></span> <span class='ocrx_word' id='word_1_3' title='bbox 251 430 485 511; x_wconf 75' lang='lat' dir='ltr'><strong>interpretetur,</strong></span> <span class='ocrx_word' id='word_1_4' title='bbox 509 446 546 489; x_wconf 92' lang='lat' dir='ltr'><strong>eo</strong></span> <span class='ocrx_word' id='word_1_5' title='bbox 567 426 744 510; x_wconf 89' lang='lat' dir='ltr'><strong>plerumque</strong></span> <span class='ocrx_word' id='word_1_6' title='bbox 768 427 882 491; x_wconf 87' lang='lat' dir='ltr'><strong>rectius</strong></span> <span class='ocrx_word' id='word_1_7' title='bbox 904 425 1110 491; x_wconf 77' lang='lat' dir='ltr'><strong>intellecturus</strong></span> <span class='ocrx_word' id='word_1_8' title='bbox 1134 430 1183 494; x_wconf 88' lang='lat' dir='ltr'><strong>sit.</strong></span> <span class='ocrx_word' id='word_1_9' title='bbox 1225 432 1291 496; x_wconf 88' lang='lat' dir='ltr'><strong>Noc</strong></span> 
     </span>
     <span class='ocr_line' id='line_1_3' title="bbox 161 529 1291 617; baseline -0.002 -20"><span class='ocrx_word' id='word_1_10' title='bbox 161 536 267 617; x_wconf 89' lang='lat' dir='ltr'><strong>potest</strong></span> <span class='ocrx_word' id='word_1_11' title='bbox 295 533 473 614; x_wconf 88' lang='lat' dir='ltr'><strong>exspectari</strong></span> <span class='ocrx_word' id='word_1_12' title='bbox 499 532 537 593; x_wconf 88' lang='lat' dir='ltr'><strong>ah</strong></span> <span class='ocrx_word' id='word_1_13' title='bbox 559 531 687 594; x_wconf 89' lang='lat' dir='ltr'><strong>lloratio</strong></span> <span class='ocrx_word' id='word_1_14' title='bbox 709 530 909 610; x_wconf 89' lang='lat' dir='ltr'><strong>praesertim,</strong></span> <span class='ocrx_word' id='word_1_15' title='bbox 941 529 990 612; x_wconf 92' lang='lat' dir='ltr'><strong>qui</strong></span> <span class='ocrx_word' id='word_1_16' title='bbox 1017 531 1098 592; x_wconf 88' lang='lat' dir='ltr'><strong>nulla</strong></span> <span class='ocrx_word' id='word_1_17' title='bbox 1125 548 1160 593; x_wconf 91' lang='lat' dir='ltr'><strong>re</strong></span> <span class='ocrx_word' id='word_1_18' title='bbox 1191 535 1291 612; x_wconf 87' lang='lat' dir='ltr'><strong>magis</strong></span> 
     </span>
     <span class='ocr_line' id='line_1_4' title="bbox 163 628 1290 715; baseline -0.003 -16"><span class='ocrx_word' id='word_1_19' title='bbox 163 636 298 699; x_wconf 82' lang='lat' dir='ltr'><strong>eiusdem</strong></span> <span class='ocrx_word' id='word_1_20' title='bbox 321 636 433 698; x_wconf 84' lang='lat' dir='ltr'><strong>aetatis</strong></span> <span class='ocrx_word' id='word_1_21' title='bbox 456 635 565 715; x_wconf 90' lang='lat' dir='ltr'><strong>poetas</strong></span> <span class='ocrx_word' id='word_1_22' title='bbox 585 633 754 713; x_wconf 87' lang='lat' dir='ltr'><strong>praecurrit</strong></span> <span class='ocrx_word' id='word_1_23' title='bbox 775 651 861 714; x_wconf 91' lang='lat' dir='ltr'><strong>quam</strong></span> <span class='ocrx_word' id='word_1_24' title='bbox 886 628 1052 713; x_wconf 76' lang='lat' dir='ltr'><strong>ludicio⁴),</strong></span> <span class='ocrx_word' id='word_1_25' title='bbox 1077 637 1111 696; x_wconf 91' lang='lat' dir='ltr'><strong>ut</strong></span> <span class='ocrx_word' id='word_1_26' title='bbox 1132 635 1228 696; x_wconf 87' lang='lat' dir='ltr'><strong>omnia</strong></span> <span class='ocrx_word' id='word_1_27' title='bbox 1252 637 1290 698; x_wconf 75' lang='lat' dir='ltr'><strong>aul</strong></span> 
     </span>
     <span class='ocr_line' id='line_1_5' title="bbox 163 734 1290 819; baseline 0.002 -19"><span class='ocrx_word' id='word_1_28' title='bbox 163 757 250 801; x_wconf 85' lang='lat' dir='ltr'><strong>uuam</strong></span> <span class='ocrx_word' id='word_1_29' title='bbox 271 738 457 818; x_wconf 86' lang='lat' dir='ltr'><strong>eandemque</strong></span> <span class='ocrx_word' id='word_1_30' title='bbox 479 735 618 813; x_wconf 88' lang='lat' dir='ltr'><strong>regulam</strong></span> <span class='ocrx_word' id='word_1_31' title='bbox 641 737 797 814; x_wconf 88' lang='lat' dir='ltr'><strong>exegerit.</strong></span> <span class='ocrx_word' id='word_1_32' title='bbox 824 734 918 817; x_wconf 86' lang='lat' dir='ltr'><strong>Atqui</strong></span> <span class='ocrx_word' id='word_1_33' title='bbox 939 734 966 794; x_wconf 90' lang='lat' dir='ltr'><strong>is</strong></span> <span class='ocrx_word' id='word_1_34' title='bbox 991 739 1023 797; x_wconf 93' lang='lat' dir='ltr'><strong>et</strong></span> <span class='ocrx_word' id='word_1_35' title='bbox 1042 739 1154 815; x_wconf 90' lang='lat' dir='ltr'><strong>poetae</strong></span> <span class='ocrx_word' id='word_1_36' title='bbox 1170 756 1290 819; x_wconf 88' lang='lat' dir='ltr'><strong>suppa-</strong></span> 
     </span>
     <span class='ocr_line' id='line_1_6' title="bbox 162 834 1292 922; baseline -0.003 -19"><span class='ocrx_word' id='word_1_37' title='bbox 162 857 233 921; x_wconf 76' lang='lat' dir='ltr'><strong>res,</strong></span> <span class='ocrx_word' id='word_1_38' title='bbox 257 860 344 922; x_wconf 89' lang='lat' dir='ltr'><strong>quum</strong></span> <span class='ocrx_word' id='word_1_39' title='bbox 369 844 422 903; x_wconf 89' lang='lat' dir='ltr'><strong>aut</strong></span> <span class='ocrx_word' id='word_1_40' title='bbox 442 858 497 922; x_wconf 91' lang='lat' dir='ltr'><strong>per</strong></span> <span class='ocrx_word' id='word_1_41' title='bbox 521 839 674 903; x_wconf 86' lang='lat' dir='ltr'><strong>audaciam</strong></span> <span class='ocrx_word' id='word_1_42' title='bbox 696 857 779 900; x_wconf 90' lang='lat' dir='ltr'><strong>nova</strong></span> <span class='ocrx_word' id='word_1_43' title='bbox 801 835 947 918; x_wconf 86' lang='lat' dir='ltr'><strong>quaedam</strong></span> <span class='ocrx_word' id='word_1_44' title='bbox 970 834 1208 918; x_wconf 86' lang='lat' dir='ltr'><strong>protulerint⁵),</strong></span> <span class='ocrx_word' id='word_1_45' title='bbox 1238 847 1292 906; x_wconf 86' lang='lat' dir='ltr'><strong>aut</strong></span> 
     </span>
     <span class='ocr_line' id='line_1_7' title="bbox 164 939 1290 1024; baseline -0.003 -17"><span class='ocrx_word' id='word_1_46' title='bbox 164 943 348 1007; x_wconf 82' lang='lat' dir='ltr'><strong>Graecorum</strong></span> <span class='ocrx_word' id='word_1_47' title='bbox 373 942 560 1024; x_wconf 84' lang='lat' dir='ltr'><strong>exemplaria</strong></span> <span class='ocrx_word' id='word_1_48' title='bbox 583 939 717 1021; x_wconf 81' lang='lat' dir='ltr'><strong>amplexi</strong></span> <span class='ocrx_word' id='word_1_49' title='bbox 740 958 841 1000; x_wconf 89' lang='lat' dir='ltr'><strong>eorum</strong></span> <span class='ocrx_word' id='word_1_50' title='bbox 867 942 900 1001; x_wconf 90' lang='lat' dir='ltr'><strong>et</strong></span> <span class='ocrx_word' id='word_1_51' title='bbox 920 956 972 999; x_wconf 90' lang='lat' dir='ltr'><strong>res</strong></span> <span class='ocrx_word' id='word_1_52' title='bbox 999 942 1032 1001; x_wconf 89' lang='lat' dir='ltr'><strong>et</strong></span> <span class='ocrx_word' id='word_1_53' title='bbox 1055 939 1215 1020; x_wconf 85' lang='lat' dir='ltr'><strong>eloquendi</strong></span> <span class='ocrx_word' id='word_1_54' title='bbox 1237 961 1290 1004; x_wconf 91' lang='lat' dir='ltr'><strong>ar-</strong></span> 
     </span>
     <span class='ocr_line' id='line_1_8' title="bbox 162 1039 1291 1126; baseline -0.001 -17"><span class='ocrx_word' id='word_1_55' title='bbox 162 1048 222 1109; x_wconf 85' lang='lat' dir='ltr'><strong>lem</strong></span> <span class='ocrx_word' id='word_1_56' title='bbox 246 1042 475 1124; x_wconf 69' lang='lat' dir='ltr'><strong>transtulerim,</strong></span> <span class='ocrx_word' id='word_1_57' title='bbox 505 1044 602 1122; x_wconf 88' lang='lat' dir='ltr'><strong>longe</strong></span> <span class='ocrx_word' id='word_1_58' title='bbox 626 1043 785 1106; x_wconf 81' lang='lat' dir='ltr'><strong>maximam</strong></span> <span class='ocrx_word' id='word_1_59' title='bbox 811 1058 886 1103; x_wconf 90' lang='lat' dir='ltr'><strong>sane</strong></span> <span class='ocrx_word' id='word_1_60' title='bbox 913 1039 1056 1103; x_wconf 88' lang='lat' dir='ltr'><strong>novellae</strong></span> <span class='ocrx_word' id='word_1_61' title='bbox 1086 1039 1172 1103; x_wconf 88' lang='lat' dir='ltr'><strong>holus</strong></span> <span class='ocrx_word' id='word_1_62' title='bbox 1196 1064 1291 1126; x_wconf 88' lang='lat' dir='ltr'><strong>prae-</strong></span> 
     </span>
     <span class='ocr_line' id='line_1_9' title="bbox 162 1143 1291 1227; baseline -0.001 -18"><span class='ocrx_word' id='word_1_63' title='bbox 162 1149 293 1210; x_wconf 79' lang='lat' dir='ltr'><strong>stantiae</strong></span> <span class='ocrx_word' id='word_1_64' title='bbox 317 1150 410 1227; x_wconf 90' lang='lat' dir='ltr'><strong>atque</strong></span> <span class='ocrx_word' id='word_1_65' title='bbox 442 1146 618 1225; x_wconf 81' lang='lat' dir='ltr'><strong>elegantiae</strong></span> <span class='ocrx_word' id='word_1_66' title='bbox 646 1148 762 1226; x_wconf 90' lang='lat' dir='ltr'><strong>partem</strong></span> <span class='ocrx_word' id='word_1_67' title='bbox 788 1144 924 1206; x_wconf 85' lang='lat' dir='ltr'><strong>Graecos</strong></span> <span class='ocrx_word' id='word_1_68' title='bbox 945 1143 1076 1205; x_wconf 88' lang='lat' dir='ltr'><strong>imitandi</strong></span> <span class='ocrx_word' id='word_1_69' title='bbox 1098 1145 1199 1206; x_wconf 88' lang='lat' dir='ltr'><strong>studio</strong></span> <span class='ocrx_word' id='word_1_70' title='bbox 1223 1149 1291 1210; x_wconf 85' lang='lat' dir='ltr'><strong>sive</strong></span> 
     </span>
     <span class='ocr_line' id='line_1_10' title="bbox 162 1246 1291 1314; baseline -0.003 -1"><span class='ocrx_word' id='word_1_71' title='bbox 162 1250 397 1314; x_wconf 82' lang='lat' dir='ltr'><strong>Graecismo</strong></span> <span class='ocrx_word' id='word_1_72' title='bbox 419 1267 475 1310; x_wconf 90' lang='lat' dir='ltr'><strong>suo</strong></span> <span class='ocrx_word' id='word_1_73' title='bbox 497 1249 618 1311; x_wconf 84' lang='lat' dir='ltr'><strong>dehent.</strong></span> <span class='ocrx_word' id='word_1_74' title='bbox 645 1246 679 1309; x_wconf 89' lang='lat' dir='ltr'><strong>ln</strong></span> <span class='ocrx_word' id='word_1_75' title='bbox 701 1247 868 1309; x_wconf 85' lang='lat' dir='ltr'><strong>Graccismi</strong></span> <span class='ocrx_word' id='word_1_76' title='bbox 891 1246 1008 1309; x_wconf 87' lang='lat' dir='ltr'><strong>ratione</strong></span> <span class='ocrx_word' id='word_1_77' title='bbox 1030 1249 1128 1309; x_wconf 90' lang='lat' dir='ltr'><strong>autem</strong></span> <span class='ocrx_word' id='word_1_78' title='bbox 1151 1249 1291 1310; x_wconf 87' lang='lat' dir='ltr'><strong>releren-</strong></span> 
     </span>
     <span class='ocr_line' id='line_1_11' title="bbox 163 1347 1292 1433; baseline -0.001 -19"><span class='ocrx_word' id='word_1_79' title='bbox 163 1353 230 1414; x_wconf 81' lang='lat' dir='ltr'><strong>‹lum</strong></span> <span class='ocrx_word' id='word_1_80' title='bbox 255 1355 304 1414; x_wconf 85' lang='lat' dir='ltr'><strong>est</strong></span> <span class='ocrx_word' id='word_1_81' title='bbox 327 1350 471 1433; x_wconf 70' lang='lat' dir='ltr'><strong>quilquinl</strong></span> <span class='ocrx_word' id='word_1_82' title='bbox 494 1351 548 1412; x_wconf 88' lang='lat' dir='ltr'><strong>vel</strong></span> <span class='ocrx_word' id='word_1_83' title='bbox 570 1368 669 1411; x_wconf 90' lang='lat' dir='ltr'><strong>rerum</strong></span> <span class='ocrx_word' id='word_1_84' title='bbox 693 1347 856 1412; x_wconf 83' lang='lat' dir='ltr'><strong>cGraecia</strong></span> <span class='ocrx_word' id='word_1_85' title='bbox 875 1351 1039 1410; x_wconf 88' lang='lat' dir='ltr'><strong>assumtum</strong></span> <span class='ocrx_word' id='word_1_86' title='bbox 1061 1350 1114 1411; x_wconf 86' lang='lat' dir='ltr'><strong>vel</strong></span> <span class='ocrx_word' id='word_1_87' title='bbox 1134 1351 1237 1412; x_wconf 84' lang='lat' dir='ltr'><strong>verbis</strong></span> <span class='ocrx_word' id='word_1_88' title='bbox 1250 1353 1292 1413; x_wconf 89' lang='lat' dir='ltr'><strong>ita</strong></span> 
     </span>
     <span class='ocr_line' id='line_1_12' title="bbox 162 1451 1292 1533; baseline -0.004 -17"><span class='ocrx_word' id='word_1_89' title='bbox 162 1455 349 1516; x_wconf 88' lang='lat' dir='ltr'><strong>enunciatum</strong></span> <span class='ocrx_word' id='word_1_90' title='bbox 365 1454 430 1532; x_wconf 90' lang='lat' dir='ltr'><strong>est,</strong></span> <span class='ocrx_word' id='word_1_91' title='bbox 452 1454 486 1515; x_wconf 92' lang='lat' dir='ltr'><strong>ut</strong></span> <span class='ocrx_word' id='word_1_92' title='bbox 508 1470 567 1512; x_wconf 90' lang='lat' dir='ltr'><strong>non</strong></span> <span class='ocrx_word' id='word_1_93' title='bbox 588 1453 678 1533; x_wconf 86' lang='lat' dir='ltr'><strong>plene</strong></span> <span class='ocrx_word' id='word_1_94' title='bbox 699 1469 741 1512; x_wconf 90' lang='lat' dir='ltr'><strong>ex</strong></span> <span class='ocrx_word' id='word_1_95' title='bbox 761 1451 828 1513; x_wconf 90' lang='lat' dir='ltr'><strong>sola</strong></span> <span class='ocrx_word' id='word_1_96' title='bbox 848 1452 955 1511; x_wconf 89' lang='lat' dir='ltr'><strong>natura</strong></span> <span class='ocrx_word' id='word_1_97' title='bbox 970 1452 1060 1530; x_wconf 90' lang='lat' dir='ltr'><strong>atquo</strong></span> <span class='ocrx_word' id='word_1_98' title='bbox 1076 1453 1292 1514; x_wconf 86' lang='lat' dir='ltr'><strong>consuetudine</strong></span> 
     </span>
     <span class='ocr_line' id='line_1_13' title="bbox 162 1552 1291 1635; baseline -0.004 -16"><span class='ocrx_word' id='word_1_99' title='bbox 162 1554 262 1619; x_wconf 80' lang='lat' dir='ltr'><strong>Latini</strong></span> <span class='ocrx_word' id='word_1_100' title='bbox 284 1554 430 1615; x_wconf 89' lang='lat' dir='ltr'><strong>sermonis</strong></span> <span class='ocrx_word' id='word_1_101' title='bbox 452 1555 579 1635; x_wconf 86' lang='lat' dir='ltr'><strong>pateat,</strong></span> <span class='ocrx_word' id='word_1_102' title='bbox 600 1555 658 1617; x_wconf 82' lang='lat' dir='ltr'><strong>seri</strong></span> <span class='ocrx_word' id='word_1_103' title='bbox 672 1571 776 1616; x_wconf 90' lang='lat' dir='ltr'><strong>veram</strong></span> <span class='ocrx_word' id='word_1_104' title='bbox 790 1572 873 1615; x_wconf 87' lang='lat' dir='ltr'><strong>suam</strong></span> <span class='ocrx_word' id='word_1_105' title='bbox 893 1553 954 1614; x_wconf 86' lang='lat' dir='ltr'><strong>vim</strong></span> <span class='ocrx_word' id='word_1_106' title='bbox 978 1557 1009 1615; x_wconf 87' lang='lat' dir='ltr'><strong>et</strong></span> <span class='ocrx_word' id='word_1_107' title='bbox 1029 1552 1126 1617; x_wconf 90' lang='lat' dir='ltr'><strong>lucem</strong></span> <span class='ocrx_word' id='word_1_108' title='bbox 1142 1571 1185 1615; x_wconf 86' lang='lat' dir='ltr'><strong>ex</strong></span> <span class='ocrx_word' id='word_1_109' title='bbox 1206 1574 1291 1617; x_wconf 94' lang='lat' dir='ltr'><strong>com-</strong></span> 
     </span>
     <span class='ocr_line' id='line_1_14' title="bbox 160 1649 1291 1739; baseline 0.002 -22"><span class='ocrx_word' id='word_1_110' title='bbox 160 1657 319 1739; x_wconf 85' lang='lat' dir='ltr'><strong>paratione</strong></span> <span class='ocrx_word' id='word_1_111' title='bbox 346 1656 460 1718; x_wconf 82' lang='lat' dir='ltr'><strong>‹lemum</strong></span> <span class='ocrx_word' id='word_1_112' title='bbox 490 1656 653 1735; x_wconf 83' lang='lat' dir='ltr'><strong>analogiae</strong></span> <span class='ocrx_word' id='word_1_113' title='bbox 679 1657 819 1720; x_wconf 86' lang='lat' dir='ltr'><strong>Graecae</strong></span> <span class='ocrx_word' id='word_1_114' title='bbox 847 1649 1032 1734; x_wconf 75' lang='lat' dir='ltr'><strong>accipiat⁶t</strong></span> <span class='ocrx_word' id='word_1_115' title='bbox 1077 1655 1174 1717; x_wconf 90' lang='lat' dir='ltr'><strong>Huius</strong></span> <span class='ocrx_word' id='word_1_116' title='bbox 1197 1658 1291 1735; x_wconf 92' lang='lat' dir='ltr'><strong>igitur</strong></span> 
     </span>
     <span class='ocr_line' id='line_1_15' title="bbox 162 1756 1292 1840; baseline -0.004 -17"><span class='ocrx_word' id='word_1_117' title='bbox 162 1759 348 1839; x_wconf 80' lang='lat' dir='ltr'><strong>Graecianri,</strong></span> <span class='ocrx_word' id='word_1_118' title='bbox 377 1760 434 1820; x_wconf 89' lang='lat' dir='ltr'><strong>nisi</strong></span> <span class='ocrx_word' id='word_1_119' title='bbox 465 1759 570 1840; x_wconf 91' lang='lat' dir='ltr'><strong>lallor,</strong></span> <span class='ocrx_word' id='word_1_120' title='bbox 600 1761 629 1820; x_wconf 95' lang='lat' dir='ltr'><strong>in</strong></span> <span class='ocrx_word' id='word_1_121' title='bbox 660 1757 707 1820; x_wconf 90' lang='lat' dir='ltr'><strong>his</strong></span> <span class='ocrx_word' id='word_1_122' title='bbox 735 1757 916 1820; x_wconf 85' lang='lat' dir='ltr'><strong>artificiosae</strong></span> <span class='ocrx_word' id='word_1_123' title='bbox 949 1756 1030 1818; x_wconf 91' lang='lat' dir='ltr'><strong>illius</strong></span> <span class='ocrx_word' id='word_1_124' title='bbox 1060 1762 1165 1821; x_wconf 87' lang='lat' dir='ltr'><strong>sectae</strong></span> <span class='ocrx_word' id='word_1_125' title='bbox 1189 1761 1292 1840; x_wconf 78' lang='lat' dir='ltr'><strong>poetis</strong></span> 
     </span>
     <span class='ocr_line' id='line_1_16' title="bbox 161 1857 1290 1944; baseline -0.002 -21"><span class='ocrx_word' id='word_1_126' title='bbox 161 1860 278 1923; x_wconf 83' lang='lat' dir='ltr'><strong>Latinis</strong></span> <span class='ocrx_word' id='word_1_127' title='bbox 312 1862 477 1941; x_wconf 87' lang='lat' dir='ltr'><strong>praecipua</strong></span> <span class='ocrx_word' id='word_1_128' title='bbox 506 1880 626 1944; x_wconf 94' lang='lat' dir='ltr'><strong>quoque</strong></span> <span class='ocrx_word' id='word_1_129' title='bbox 654 1862 732 1923; x_wconf 88' lang='lat' dir='ltr'><strong>ratio</strong></span> <span class='ocrx_word' id='word_1_130' title='bbox 762 1858 899 1923; x_wconf 85' lang='lat' dir='ltr'><strong>habende</strong></span> <span class='ocrx_word' id='word_1_131' title='bbox 929 1861 988 1920; x_wconf 87' lang='lat' dir='ltr'><strong>est.</strong></span> <span class='ocrx_word' id='word_1_132' title='bbox 1040 1857 1096 1944; x_wconf 86' lang='lat' dir='ltr'><strong>Qui</strong></span> <span class='ocrx_word' id='word_1_133' title='bbox 1124 1865 1157 1922; x_wconf 91' lang='lat' dir='ltr'><strong>ut</strong></span> <span class='ocrx_word' id='word_1_134' title='bbox 1187 1861 1290 1922; x_wconf 86' lang='lat' dir='ltr'><strong>lorum</strong></span> 
     </span>
     <span class='ocr_line' id='line_1_17' title="bbox 162 1962 1292 2044; baseline -0.002 -19"><span class='ocrx_word' id='word_1_135' title='bbox 162 1963 287 2025; x_wconf 87' lang='lat' dir='ltr'><strong>omnium</strong></span> <span class='ocrx_word' id='word_1_136' title='bbox 305 1965 336 2024; x_wconf 90' lang='lat' dir='ltr'><strong>el</strong></span> <span class='ocrx_word' id='word_1_137' title='bbox 351 1966 538 2044; x_wconf 86' lang='lat' dir='ltr'><strong>superiorum</strong></span> <span class='ocrx_word' id='word_1_138' title='bbox 559 1965 767 2025; x_wconf 88' lang='lat' dir='ltr'><strong>nonnullorum</strong></span> <span class='ocrx_word' id='word_1_139' title='bbox 791 1962 952 2026; x_wconf 92' lang='lat' dir='ltr'><strong>communis</strong></span> <span class='ocrx_word' id='word_1_140' title='bbox 968 1964 1027 2040; x_wconf 90' lang='lat' dir='ltr'><strong>est,</strong></span> <span class='ocrx_word' id='word_1_141' title='bbox 1046 1963 1089 2025; x_wconf 85' lang='lat' dir='ltr'><strong>ita</strong></span> <span class='ocrx_word' id='word_1_142' title='bbox 1111 1964 1140 2024; x_wconf 91' lang='lat' dir='ltr'><strong>in</strong></span> <span class='ocrx_word' id='word_1_143' title='bbox 1160 1962 1292 2039; x_wconf 85' lang='lat' dir='ltr'><strong>siugulis</strong></span> 
     </span>
     <span class='ocr_line' id='line_1_18' title="bbox 160 2065 1292 2150; baseline -0.001 -23"><span class='ocrx_word' id='word_1_144' title='bbox 160 2065 317 2128; x_wconf 77' lang='lat' dir='ltr'><strong>armorum</strong></span> <span class='ocrx_word' id='word_1_145' title='bbox 340 2068 444 2127; x_wconf 88' lang='lat' dir='ltr'><strong>varius</strong></span> <span class='ocrx_word' id='word_1_146' title='bbox 466 2071 559 2150; x_wconf 85' lang='lat' dir='ltr'><strong>atque</strong></span> <span class='ocrx_word' id='word_1_147' title='bbox 582 2068 659 2130; x_wconf 85' lang='lat' dir='ltr'><strong>adeo</strong></span> <span class='ocrx_word' id='word_1_148' title='bbox 682 2066 823 2128; x_wconf 83' lang='lat' dir='ltr'><strong>diuersos</strong></span> <span class='ocrx_word' id='word_1_149' title='bbox 836 2067 976 2145; x_wconf 86' lang='lat' dir='ltr'><strong>apparet</strong></span> <span class='ocrx_word' id='word_1_150' title='bbox 1006 2065 1082 2127; x_wconf 89' lang='lat' dir='ltr'><strong>Nam</strong></span> <span class='ocrx_word' id='word_1_151' title='bbox 1103 2084 1192 2147; x_wconf 91' lang='lat' dir='ltr'><strong>quum</strong></span> <span class='ocrx_word' id='word_1_152' title='bbox 1214 2065 1292 2145; x_wconf 82' lang='lat' dir='ltr'><strong>apud</strong></span> 
     </span>
     <span class='ocr_line' id='line_1_19' title="bbox 160 2162 1293 2247; baseline -0.002 -18"><span class='ocrx_word' id='word_1_153' title='bbox 160 2168 335 2247; x_wconf 89' lang='lat' dir='ltr'><strong>superiores</strong></span> <span class='ocrx_word' id='word_1_154' title='bbox 365 2171 495 2247; x_wconf 76' lang='lat' dir='ltr'><strong>poetas,</strong></span> <span class='ocrx_word' id='word_1_155' title='bbox 526 2169 691 2230; x_wconf 85' lang='lat' dir='ltr'><strong>Varronem</strong></span> <span class='ocrx_word' id='word_1_156' title='bbox 715 2167 895 2246; x_wconf 83' lang='lat' dir='ltr'><strong>Atacinum,</strong></span> <span class='ocrx_word' id='word_1_157' title='bbox 919 2168 1106 2242; x_wconf 82' lang='lat' dir='ltr'><strong>Lucretium,</strong></span> <span class='ocrx_word' id='word_1_158' title='bbox 1130 2162 1293 2245; x_wconf 82' lang='lat' dir='ltr'><strong>Catullum,</strong></span> 
     </span>
     <span class='ocr_line' id='line_1_20' title="bbox 159 2267 1291 2350; baseline -0.002 -21"><span class='ocrx_word' id='word_1_159' title='bbox 159 2269 318 2350; x_wconf 89' lang='lat' dir='ltr'><strong>ipsumque</strong></span> <span class='ocrx_word' id='word_1_160' title='bbox 334 2267 506 2349; x_wconf 80' lang='lat' dir='ltr'><strong>Virgilium,</strong></span> <span class='ocrx_word' id='word_1_161' title='bbox 530 2271 580 2350; x_wconf 93' lang='lat' dir='ltr'><strong>qui</strong></span> <span class='ocrx_word' id='word_1_162' title='bbox 602 2269 688 2348; x_wconf 91' lang='lat' dir='ltr'><strong>primi</strong></span> <span class='ocrx_word' id='word_1_163' title='bbox 710 2267 784 2330; x_wconf 85' lang='lat' dir='ltr'><strong>talia</strong></span> <span class='ocrx_word' id='word_1_164' title='bbox 807 2268 871 2327; x_wconf 78' lang='lat' dir='ltr'><strong>suia</strong></span> <span class='ocrx_word' id='word_1_165' title='bbox 892 2268 1007 2329; x_wconf 86' lang='lat' dir='ltr'><strong>viribus</strong></span> <span class='ocrx_word' id='word_1_166' title='bbox 1022 2269 1194 2346; x_wconf 87' lang='lat' dir='ltr'><strong>tentarunt,</strong></span> <span class='ocrx_word' id='word_1_167' title='bbox 1216 2269 1291 2328; x_wconf 88' lang='lat' dir='ltr'><strong>sinr-</strong></span> 
     </span>
     <span class='ocr_line' id='line_1_21' title="bbox 158 2366 1292 2453; baseline 0.001 -22"><span class='ocrx_word' id='word_1_168' title='bbox 158 2369 236 2453; x_wconf 92' lang='lat' dir='ltr'><strong>plex</strong></span> <span class='ocrx_word' id='word_1_169' title='bbox 266 2371 383 2431; x_wconf 92' lang='lat' dir='ltr'><strong>omnino</strong></span> <span class='ocrx_word' id='word_1_170' title='bbox 416 2372 448 2431; x_wconf 90' lang='lat' dir='ltr'><strong>et</strong></span> <span class='ocrx_word' id='word_1_171' title='bbox 480 2371 604 2450; x_wconf 88' lang='lat' dir='ltr'><strong>apertus</strong></span> <span class='ocrx_word' id='word_1_172' title='bbox 637 2369 696 2449; x_wconf 89' lang='lat' dir='ltr'><strong>sit,</strong></span> <span class='ocrx_word' id='word_1_173' title='bbox 733 2369 766 2431; x_wconf 90' lang='lat' dir='ltr'><strong>et</strong></span> <span class='ocrx_word' id='word_1_174' title='bbox 797 2366 972 2452; x_wconf 91' lang='lat' dir='ltr'><strong>plerumque</strong></span> <span class='ocrx_word' id='word_1_175' title='bbox 1002 2370 1060 2431; x_wconf 87' lang='lat' dir='ltr'><strong>sibi</strong></span> <span class='ocrx_word' id='word_1_176' title='bbox 1089 2370 1227 2449; x_wconf 89' lang='lat' dir='ltr'><strong>constet,</strong></span> <span class='ocrx_word' id='word_1_177' title='bbox 1259 2373 1292 2432; x_wconf 90' lang='lat' dir='ltr'><strong>ut</strong></span> 
     </span>
     <span class='ocr_line' id='line_1_22' title="bbox 160 2470 1293 2556; baseline -0.003 -23"><span class='ocrx_word' id='word_1_178' title='bbox 160 2473 248 2556; x_wconf 90' lang='lat' dir='ltr'><strong>quasi</strong></span> <span class='ocrx_word' id='word_1_179' title='bbox 278 2473 412 2553; x_wconf 94' lang='lat' dir='ltr'><strong>inpuro</strong></span> <span class='ocrx_word' id='word_1_180' title='bbox 443 2473 475 2533; x_wconf 90' lang='lat' dir='ltr'><strong>et</strong></span> <span class='ocrx_word' id='word_1_181' title='bbox 502 2470 622 2550; x_wconf 85' lang='lat' dir='ltr'><strong>placido</strong></span> <span class='ocrx_word' id='word_1_182' title='bbox 653 2472 729 2534; x_wconf 90' lang='lat' dir='ltr'><strong>amni</strong></span> <span class='ocrx_word' id='word_1_183' title='bbox 758 2470 887 2552; x_wconf 86' lang='lat' dir='ltr'><strong>undique</strong></span> <span class='ocrx_word' id='word_1_184' title='bbox 918 2476 951 2535; x_wconf 88' lang='lat' dir='ltr'><strong>et</strong></span> <span class='ocrx_word' id='word_1_185' title='bbox 979 2471 1133 2537; x_wconf 86' lang='lat' dir='ltr'><strong>commode</strong></span> <span class='ocrx_word' id='word_1_186' title='bbox 1158 2472 1293 2552; x_wconf 81' lang='lat' dir='ltr'><strong>conspici</strong></span> 
     </span>
     <span class='ocr_line' id='line_1_23' title="bbox 159 2573 1294 2656; baseline -0.001 -19"><span class='ocrx_word' id='word_1_187' title='bbox 159 2575 276 2656; x_wconf 90' lang='lat' dir='ltr'><strong>possit:</strong></span> <span class='ocrx_word' id='word_1_188' title='bbox 305 2574 385 2655; x_wconf 88' lang='lat' dir='ltr'><strong>apud</strong></span> <span class='ocrx_word' id='word_1_189' title='bbox 401 2573 558 2635; x_wconf 86' lang='lat' dir='ltr'><strong>Horatium</strong></span> <span class='ocrx_word' id='word_1_190' title='bbox 582 2573 639 2635; x_wconf 81' lang='lat' dir='ltr'><strong>iam</strong></span> <span class='ocrx_word' id='word_1_191' title='bbox 661 2573 755 2635; x_wconf 90' lang='lat' dir='ltr'><strong>multo</strong></span> <span class='ocrx_word' id='word_1_192' title='bbox 780 2575 963 2656; x_wconf 86' lang='lat' dir='ltr'><strong>exquisitior</strong></span> <span class='ocrx_word' id='word_1_193' title='bbox 984 2581 1016 2639; x_wconf 93' lang='lat' dir='ltr'><strong>et</strong></span> <span class='ocrx_word' id='word_1_194' title='bbox 1033 2574 1216 2638; x_wconf 81' lang='lat' dir='ltr'><strong>reconditior</strong></span> <span class='ocrx_word' id='word_1_195' title='bbox 1233 2580 1294 2653; x_wconf 90' lang='lat' dir='ltr'><strong>est,</strong></span> 
     </span>
     <span class='ocr_line' id='line_1_24' title="bbox 160 2676 1294 2760; baseline 0.002 -24"><span class='ocrx_word' id='word_1_196' title='bbox 160 2677 196 2739; x_wconf 87' lang='lat' dir='ltr'><strong>ut</strong></span> <span class='ocrx_word' id='word_1_197' title='bbox 217 2676 408 2740; x_wconf 85' lang='lat' dir='ltr'><strong>deverticula</strong></span> <span class='ocrx_word' id='word_1_198' title='bbox 431 2677 497 2738; x_wconf 90' lang='lat' dir='ltr'><strong>eius</strong></span> <span class='ocrx_word' id='word_1_199' title='bbox 513 2678 545 2739; x_wconf 95' lang='lat' dir='ltr'><strong>et</strong></span> <span class='ocrx_word' id='word_1_200' title='bbox 564 2694 707 2739; x_wconf 87' lang='lat' dir='ltr'><strong>recessus</strong></span> <span class='ocrx_word' id='word_1_201' title='bbox 729 2676 878 2755; x_wconf 87' lang='lat' dir='ltr'><strong>indagare</strong></span> <span class='ocrx_word' id='word_1_202' title='bbox 903 2682 935 2741; x_wconf 90' lang='lat' dir='ltr'><strong>et</strong></span> <span class='ocrx_word' id='word_1_203' title='bbox 955 2684 1100 2742; x_wconf 86' lang='lat' dir='ltr'><strong>excutere</strong></span> <span class='ocrx_word' id='word_1_204' title='bbox 1124 2679 1294 2760; x_wconf 86' lang='lat' dir='ltr'><strong>ipsumque,</strong></span> 
     </span>
     <span class='ocr_line' id='line_1_25' title="bbox 160 2777 1293 2860; baseline 0.001 -19"><span class='ocrx_word' id='word_1_205' title='bbox 160 2778 256 2842; x_wconf 88' lang='lat' dir='ltr'><strong>sicubi</strong></span> <span class='ocrx_word' id='word_1_206' title='bbox 272 2783 380 2842; x_wconf 85' lang='lat' dir='ltr'><strong>nactus</strong></span> <span class='ocrx_word' id='word_1_207' title='bbox 396 2779 502 2858; x_wconf 84' lang='lat' dir='ltr'><strong>fueris,</strong></span> <span class='ocrx_word' id='word_1_208' title='bbox 518 2777 605 2841; x_wconf 90' lang='lat' dir='ltr'><strong>velut</strong></span> <span class='ocrx_word' id='word_1_209' title='bbox 621 2778 747 2841; x_wconf 87' lang='lat' dir='ltr'><strong>alterum</strong></span> <span class='ocrx_word' id='word_1_210' title='bbox 768 2779 914 2860; x_wconf 85' lang='lat' dir='ltr'><strong>quendam</strong></span> <span class='ocrx_word' id='word_1_211' title='bbox 928 2782 1070 2843; x_wconf 88' lang='lat' dir='ltr'><strong>Proteum</strong></span> <span class='ocrx_word' id='word_1_212' title='bbox 1084 2782 1203 2843; x_wconf 87' lang='lat' dir='ltr'><strong>multum</strong></span> <span class='ocrx_word' id='word_1_213' title='bbox 1216 2799 1293 2842; x_wconf 90' lang='lat' dir='ltr'><strong>ver-</strong></span> 
     </span>
     <span class='ocr_line' id='line_1_26' title="bbox 162 2880 1293 2964; baseline 0.001 -22"><span class='ocrx_word' id='word_1_214' title='bbox 162 2885 347 2962; x_wconf 75' lang='lat' dir='ltr'><strong>careatque</strong></span> <span class='ocrx_word' id='word_1_215' title='bbox 371 2880 448 2942; x_wconf 79' lang='lat' dir='ltr'><strong>adeo</strong></span> <span class='ocrx_word' id='word_1_216' title='bbox 477 2898 615 2962; x_wconf 89' lang='lat' dir='ltr'><strong>premere</strong></span> <span class='ocrx_word' id='word_1_217' title='bbox 638 2880 763 2961; x_wconf 85' lang='lat' dir='ltr'><strong>debeas,</strong></span> <span class='ocrx_word' id='word_1_218' title='bbox 786 2883 813 2943; x_wconf 91' lang='lat' dir='ltr'><strong>si</strong></span> <span class='ocrx_word' id='word_1_219' title='bbox 836 2882 953 2964; x_wconf 85' lang='lat' dir='ltr'><strong>quidem</strong></span> <span class='ocrx_word' id='word_1_220' title='bbox 979 2901 1084 2945; x_wconf 80' lang='lat' dir='ltr'><strong>uerum</strong></span> <span class='ocrx_word' id='word_1_221' title='bbox 1110 2885 1293 2963; x_wconf 87' lang='lat' dir='ltr'><strong>extorquere</strong></span> 
     </span>
    </p>
   </div>
   <div class='ocr_carea' id='block_1_3' title="bbox 61 2982 1294 3065">
    <p class='ocr_par' dir='ltr' id='par_1_3' title="bbox 61 2982 1294 3065">
     <span class='ocr_line' id='line_1_27' title="bbox 61 2982 1294 3065; baseline 0.002 -22"><span class='ocrx_word' id='word_1_222' title='bbox 61 3002 65 3007; x_wconf 94' lang='lat'>·</span> <span class='ocrx_word' id='word_1_223' title='bbox 162 2982 255 3043; x_wconf 83' lang='lat' dir='ltr'><strong>velis.</strong></span> <span class='ocrx_word' id='word_1_224' title='bbox 300 2982 405 3063; x_wconf 87' lang='lat' dir='ltr'><strong>Neque</strong></span> <span class='ocrx_word' id='word_1_225' title='bbox 426 2984 502 3043; x_wconf 89' lang='lat' dir='ltr'><strong>enim</strong></span> <span class='ocrx_word' id='word_1_226' title='bbox 524 2983 677 3063; x_wconf 78' lang='lat' dir='ltr'><strong>quiequam</strong></span> <span class='ocrx_word' id='word_1_227' title='bbox 698 2983 868 3065; x_wconf 89' lang='lat' dir='ltr'><strong>aequalium</strong></span> <span class='ocrx_word' id='word_1_228' title='bbox 890 2987 1065 3065; x_wconf 88' lang='lat' dir='ltr'><strong>poetarum,</strong></span> <span class='ocrx_word' id='word_1_229' title='bbox 1095 3002 1133 3046; x_wconf 89' lang='lat' dir='ltr'><strong>ue</strong></span> <span class='ocrx_word' id='word_1_230' title='bbox 1156 2985 1294 3064; x_wconf 85' lang='lat' dir='ltr'><strong>Proper-</strong></span> 
     </span>
    </p>
   </div>
   <div class='ocr_carea' id='block_1_4' title="bbox 164 3081 1297 3475">
    <p class='ocr_par' dir='ltr' id='par_1_4' title="bbox 164 3081 1297 3475">
     <span class='ocr_line' id='line_1_28' title="bbox 164 3081 1295 3167; baseline 0 -20"><span class='ocrx_word' id='word_1_231' title='bbox 164 3084 225 3148; x_wconf 77' lang='lat' dir='ltr'><strong>tIus</strong></span> <span class='ocrx_word' id='word_1_232' title='bbox 250 3081 384 3165; x_wconf 85' lang='lat' dir='ltr'><strong>quidem,</strong></span> <span class='ocrx_word' id='word_1_233' title='bbox 405 3085 582 3165; x_wconf 89' lang='lat' dir='ltr'><strong>„spiritu</strong></span> <span class='ocrx_word' id='word_1_234' title='bbox 602 3083 747 3147; x_wconf 85' lang='lat' dir='ltr'><strong>Graiae</strong></span> <span class='ocrx_word' id='word_1_235' title='bbox 772 3087 880 3146; x_wconf 87' lang='lat' dir='ltr'><strong>tenui</strong></span> <span class='ocrx_word' id='word_1_236' title='bbox 903 3083 1126 3149; x_wconf 79' lang='lat' dir='ltr'><strong>Camenae“</strong></span> <span class='ocrx_word' id='word_1_237' title='bbox 1156 3087 1295 3167; x_wconf 91' lang='lat' dir='ltr'><strong>omnique</strong></span> 
     </span>
     <span class='ocr_line' id='line_1_29' title="bbox 166 3185 1295 3268; baseline 0.001 -19"><span class='ocrx_word' id='word_1_238' title='bbox 166 3185 303 3249; x_wconf 74' lang='lat' dir='ltr'><strong>doctrino</strong></span> <span class='ocrx_word' id='word_1_239' title='bbox 323 3188 518 3248; x_wconf 84' lang='lat' dir='ltr'><strong>transmarina</strong></span> <span class='ocrx_word' id='word_1_240' title='bbox 539 3190 632 3267; x_wconf 85' lang='lat' dir='ltr'><strong>atque</strong></span> <span class='ocrx_word' id='word_1_241' title='bbox 656 3186 829 3250; x_wconf 85' lang='lat' dir='ltr'><strong>adventicia</strong></span> <span class='ocrx_word' id='word_1_242' title='bbox 850 3191 910 3250; x_wconf 87' lang='lat' dir='ltr'><strong>tam</strong></span> <span class='ocrx_word' id='word_1_243' title='bbox 933 3186 1023 3268; x_wconf 89' lang='lat' dir='ltr'><strong>plene</strong></span> <span class='ocrx_word' id='word_1_244' title='bbox 1042 3189 1074 3248; x_wconf 90' lang='lat' dir='ltr'><strong>et</strong></span> <span class='ocrx_word' id='word_1_245' title='bbox 1091 3189 1151 3249; x_wconf 88' lang='lat' dir='ltr'><strong>lam</strong></span> <span class='ocrx_word' id='word_1_246' title='bbox 1173 3190 1295 3268; x_wconf 89' lang='lat' dir='ltr'><strong>penitus</strong></span> 
     </span>
     <span class='ocr_line' id='line_1_30' title="bbox 167 3289 1294 3373; baseline 0.004 -24"><span class='ocrx_word' id='word_1_247' title='bbox 167 3289 297 3352; x_wconf 85' lang='lat' dir='ltr'><strong>imbutus</strong></span> <span class='ocrx_word' id='word_1_248' title='bbox 321 3289 396 3367; x_wconf 87' lang='lat' dir='ltr'><strong>fuit,</strong></span> <span class='ocrx_word' id='word_1_249' title='bbox 425 3305 511 3370; x_wconf 91' lang='lat' dir='ltr'><strong>quam</strong></span> <span class='ocrx_word' id='word_1_250' title='bbox 534 3289 689 3351; x_wconf 88' lang='lat' dir='ltr'><strong>Horatius.</strong></span> <span class='ocrx_word' id='word_1_251' title='bbox 732 3291 847 3353; x_wconf 87' lang='lat' dir='ltr'><strong>Plenae</strong></span> <span class='ocrx_word' id='word_1_252' title='bbox 876 3292 948 3352; x_wconf 89' lang='lat' dir='ltr'><strong>sunt</strong></span> <span class='ocrx_word' id='word_1_253' title='bbox 974 3289 1095 3352; x_wconf 86' lang='lat' dir='ltr'><strong>Sotirae</strong></span> <span class='ocrx_word' id='word_1_254' title='bbox 1122 3292 1155 3352; x_wconf 90' lang='lat' dir='ltr'><strong>et</strong></span> <span class='ocrx_word' id='word_1_255' title='bbox 1176 3291 1294 3373; x_wconf 80' lang='lat' dir='ltr'><strong>Epocli,</strong></span> 
     </span>
     <span class='ocr_line' id='line_1_31' title="bbox 167 3389 1297 3475; baseline 0.004 -23"><span class='ocrx_word' id='word_1_256' title='bbox 167 3391 260 3472; x_wconf 86' lang='lat' dir='ltr'><strong>plena</strong></span> <span class='ocrx_word' id='word_1_257' title='bbox 282 3393 351 3452; x_wconf 91' lang='lat' dir='ltr'><strong>sunt</strong></span> <span class='ocrx_word' id='word_1_258' title='bbox 372 3389 523 3472; x_wconf 76' lang='lat' dir='ltr'><strong>Carmine,</strong></span> <span class='ocrx_word' id='word_1_259' title='bbox 544 3391 658 3472; x_wconf 87' lang='lat' dir='ltr'><strong>plenae</strong></span> <span class='ocrx_word' id='word_1_260' title='bbox 678 3397 749 3455; x_wconf 90' lang='lat' dir='ltr'><strong>sunt</strong></span> <span class='ocrx_word' id='word_1_261' title='bbox 772 3392 952 3475; x_wconf 75' lang='lat' dir='ltr'><strong>lipistolaez</strong></span> <span class='ocrx_word' id='word_1_262' title='bbox 978 3392 1034 3455; x_wconf 85' lang='lat' dir='ltr'><strong>sed</strong></span> <span class='ocrx_word' id='word_1_263' title='bbox 1062 3410 1100 3456; x_wconf 85' lang='lat' dir='ltr'><strong>ea</strong></span> <span class='ocrx_word' id='word_1_264' title='bbox 1121 3410 1179 3456; x_wconf 88' lang='lat' dir='ltr'><strong>uec</strong></span> <span class='ocrx_word' id='word_1_265' title='bbox 1200 3394 1297 3475; x_wconf 88' lang='lat' dir='ltr'><strong>prima</strong></span> 
     </span>
    </p>
   </div>
   <div class='ocr_carea' id='block_1_5' title="bbox 221 3625 1298 3952">
    <p class='ocr_par' dir='ltr' id='par_1_5' title="bbox 221 3625 1298 3952">
     <span class='ocr_line' id='line_1_32' title="bbox 221 3625 1297 3700; baseline 0 -18"><span class='ocrx_word' id='word_1_266' title='bbox 221 3629 253 3696; x_wconf 79' lang='lat'><strong>4)</strong></span> <span class='ocrx_word' id='word_1_267' title='bbox 271 3628 393 3684; x_wconf 89' lang='lat' dir='ltr'><strong>Bernh.</strong></span> <span class='ocrx_word' id='word_1_268' title='bbox 412 3634 440 3684; x_wconf 92' lang='lat' dir='ltr'><strong>in</strong></span> <span class='ocrx_word' id='word_1_269' title='bbox 458 3647 529 3686; x_wconf 85' lang='lat' dir='ltr'><strong>cons.</strong></span> <span class='ocrx_word' id='word_1_270' title='bbox 542 3630 663 3688; x_wconf 68' lang='lat' dir='ltr'><strong>Peerllm</strong></span> <span class='ocrx_word' id='word_1_271' title='bbox 682 3628 772 3683; x_wconf 86' lang='lat' dir='ltr'><strong>lloraz</strong></span> <span class='ocrx_word' id='word_1_272' title='bbox 790 3627 921 3694; x_wconf 80' lang='lat' dir='ltr'><strong>vendicet,</strong></span> <span class='ocrx_word' id='word_1_273' title='bbox 939 3625 1153 3700; x_wconf 73' lang='lat' dir='ltr'><strong>ulclessing</strong></span> <span class='ocrx_word' id='word_1_274' title='bbox 1168 3645 1222 3684; x_wconf 81' lang='lat' dir='ltr'><strong>con</strong></span> <span class='ocrx_word' id='word_1_275' title='bbox 1240 3628 1297 3683; x_wconf 87' lang='lat' dir='ltr'><strong>siclr</strong></span> 
     </span>
     <span class='ocr_line' id='line_1_33' title="bbox 274 3711 1298 3785; baseline -0.001 -20"><span class='ocrx_word' id='word_1_276' title='bbox 274 3711 366 3765; x_wconf 88' lang='lat' dir='ltr'><strong>selber</strong></span> <span class='ocrx_word' id='word_1_277' title='bbox 388 3711 510 3781; x_wconf 67' lang='lat' dir='ltr'><strong>gestem,</strong></span> <span class='ocrx_word' id='word_1_278' title='bbox 539 3715 587 3768; x_wconf 88' lang='lat' dir='ltr'><strong>das</strong></span> <span class='ocrx_word' id='word_1_279' title='bbox 610 3716 690 3769; x_wconf 85' lang='lat' dir='ltr'><strong>Beste</strong></span> <span class='ocrx_word' id='word_1_280' title='bbox 717 3716 808 3768; x_wconf 88' lang='lat' dir='ltr'><strong>seiner</strong></span> <span class='ocrx_word' id='word_1_281' title='bbox 832 3712 929 3768; x_wconf 83' lang='lat' dir='ltr'><strong>Poeoio</strong></span> <span class='ocrx_word' id='word_1_282' title='bbox 952 3716 1043 3785; x_wconf 87' lang='lat' dir='ltr'><strong>elnzig</strong></span> <span class='ocrx_word' id='word_1_283' title='bbox 1066 3714 1120 3767; x_wconf 87' lang='lat' dir='ltr'><strong>und</strong></span> <span class='ocrx_word' id='word_1_284' title='bbox 1143 3713 1225 3766; x_wconf 88' lang='lat' dir='ltr'><strong>allein</strong></span> <span class='ocrx_word' id='word_1_285' title='bbox 1250 3712 1298 3765; x_wconf 76' lang='lat' dir='ltr'><strong>cler</strong></span> 
     </span>
     <span class='ocr_line' id='line_1_34' title="bbox 275 3795 1297 3867; baseline -0.001 -17"><span class='ocrx_word' id='word_1_286' title='bbox 275 3795 415 3859; x_wconf 81' lang='lat' dir='ltr'><strong>Kritik,</strong></span> <span class='ocrx_word' id='word_1_287' title='bbox 444 3797 527 3851; x_wconf 90' lang='lat' dir='ltr'><strong>deren</strong></span> <span class='ocrx_word' id='word_1_288' title='bbox 554 3797 687 3867; x_wconf 84' lang='lat' dir='ltr'><strong>llirkung</strong></span> <span class='ocrx_word' id='word_1_289' title='bbox 714 3796 772 3851; x_wconf 84' lang='lat' dir='ltr'><strong>sielr</strong></span> <span class='ocrx_word' id='word_1_290' title='bbox 802 3798 875 3853; x_wconf 85' lang='lat' dir='ltr'><strong>nicht</strong></span> <span class='ocrx_word' id='word_1_291' title='bbox 904 3798 1021 3853; x_wconf 85' lang='lat' dir='ltr'><strong>obenirin</strong></span> <span class='ocrx_word' id='word_1_292' title='bbox 1053 3798 1102 3851; x_wconf 91' lang='lat' dir='ltr'><strong>aui</strong></span> <span class='ocrx_word' id='word_1_293' title='bbox 1124 3798 1168 3851; x_wconf 80' lang='lat' dir='ltr'><strong>(lic</strong></span> <span class='ocrx_word' id='word_1_294' title='bbox 1191 3796 1297 3866; x_wconf 80' lang='lat' dir='ltr'><strong>lrnappe</strong></span> 
     </span>
     <span class='ocr_line' id='line_1_35' title="bbox 276 3879 1099 3952; baseline -0.001 -19"><span class='ocrx_word' id='word_1_295' title='bbox 276 3881 330 3933; x_wconf 88' lang='lat' dir='ltr'><strong>last</strong></span> <span class='ocrx_word' id='word_1_296' title='bbox 345 3879 522 3951; x_wconf 78' lang='lat' dir='ltr'><strong>symbolisehe</strong></span> <span class='ocrx_word' id='word_1_297' title='bbox 541 3879 718 3952; x_wconf 88' lang='lat' dir='ltr'><strong>Behendlung</strong></span> <span class='ocrx_word' id='word_1_298' title='bbox 736 3886 825 3938; x_wconf 84' lang='lat' dir='ltr'><strong>seinos</strong></span> <span class='ocrx_word' id='word_1_299' title='bbox 842 3883 941 3937; x_wconf 85' lang='lat' dir='ltr'><strong>Stoiies</strong></span> <span class='ocrx_word' id='word_1_300' title='bbox 959 3880 1099 3936; x_wconf 83' lang='lat' dir='ltr'><strong>erstroclrt.</strong></span> 
     </span>
    </p>
   </div>
   <div class='ocr_carea' id='block_1_6' title="bbox 224 3978 1297 4218">
    <p class='ocr_par' dir='ltr' id='par_1_6' title="bbox 224 3978 1297 4218">
     <span class='ocr_line' id='line_1_36' title="bbox 224 3978 1297 4053; baseline -0.003 -20"><span class='ocrx_word' id='word_1_301' title='bbox 224 3980 250 4047; x_wconf 85' lang='lat'><strong>5)</strong></span> <span class='ocrx_word' id='word_1_302' title='bbox 269 3978 418 4040; x_wconf 82' lang='lat' dir='ltr'><strong>Quintil.</strong></span> <span class='ocrx_word' id='word_1_303' title='bbox 438 3978 472 4043; x_wconf 82' lang='lat' dir='ltr'><strong>il,</strong></span> <span class='ocrx_word' id='word_1_304' title='bbox 491 3988 524 4042; x_wconf 83' lang='lat'><strong>1,</strong></span> <span class='ocrx_word' id='word_1_305' title='bbox 543 3984 594 4037; x_wconf 79' lang='lat'><strong>96:</strong></span> <span class='ocrx_word' id='word_1_306' title='bbox 620 3978 747 4033; x_wconf 86' lang='lat' dir='ltr'><strong>lloratius</strong></span> <span class='ocrx_word' id='word_1_307' title='bbox 765 4011 800 4020; x_wconf 86' lang='lat'><em>—</em></span> <span class='ocrx_word' id='word_1_308' title='bbox 822 3984 917 4053; x_wconf 88' lang='lat' dir='ltr'><strong>plenus</strong></span> <span class='ocrx_word' id='word_1_309' title='bbox 936 3987 977 4035; x_wconf 88' lang='lat' dir='ltr'><strong>est</strong></span> <span class='ocrx_word' id='word_1_310' title='bbox 995 3980 1167 4034; x_wconf 85' lang='lat' dir='ltr'><strong>iucunditatis</strong></span> <span class='ocrx_word' id='word_1_311' title='bbox 1187 3984 1214 4032; x_wconf 89' lang='lat' dir='ltr'><strong>et</strong></span> <span class='ocrx_word' id='word_1_312' title='bbox 1230 3991 1297 4048; x_wconf 90' lang='lat' dir='ltr'><strong>gra-</strong></span> 
     </span>
     <span class='ocr_line' id='line_1_37' title="bbox 273 4063 1296 4134; baseline -0.001 -18"><span class='ocrx_word' id='word_1_313' title='bbox 273 4066 328 4116; x_wconf 83' lang='lat' dir='ltr'><strong>tiae</strong></span> <span class='ocrx_word' id='word_1_314' title='bbox 345 4067 371 4115; x_wconf 91' lang='lat' dir='ltr'><strong>ct</strong></span> <span class='ocrx_word' id='word_1_315' title='bbox 386 4066 506 4116; x_wconf 85' lang='lat' dir='ltr'><strong>narius</strong></span> <span class='ocrx_word' id='word_1_316' title='bbox 528 4063 660 4134; x_wconf 88' lang='lat' dir='ltr'><strong>liguris</strong></span> <span class='ocrx_word' id='word_1_317' title='bbox 679 4072 711 4120; x_wconf 89' lang='lat' dir='ltr'><strong>et</strong></span> <span class='ocrx_word' id='word_1_318' title='bbox 729 4068 855 4122; x_wconf 86' lang='lat' dir='ltr'><strong>vorbis</strong></span> <span class='ocrx_word' id='word_1_319' title='bbox 875 4067 1087 4121; x_wconf 80' lang='lat' dir='ltr'><strong>felicissime</strong></span> <span class='ocrx_word' id='word_1_320' title='bbox 1106 4064 1225 4118; x_wconf 87' lang='lat' dir='ltr'><strong>audax.</strong></span> <span class='ocrx_word' id='word_1_321' title='bbox 1241 4063 1296 4117; x_wconf 84' lang='lat' dir='ltr'><strong>Cir.</strong></span> 
     </span>
     <span class='ocr_line' id='line_1_38' title="bbox 273 4146 725 4218; baseline 0.002 -17"><span class='ocrx_word' id='word_1_322' title='bbox 273 4150 359 4218; x_wconf 92' lang='lat' dir='ltr'><strong>ipsum</strong></span> <span class='ocrx_word' id='word_1_323' title='bbox 377 4146 453 4202; x_wconf 91' lang='lat' dir='ltr'><strong>llor.</strong></span> <span class='ocrx_word' id='word_1_324' title='bbox 470 4146 554 4218; x_wconf 87' lang='lat' dir='ltr'><strong>Epist.</strong></span> <span class='ocrx_word' id='word_1_325' title='bbox 575 4149 603 4213; x_wconf 92' lang='lat' dir='ltr'><strong>ll,</strong></span> <span class='ocrx_word' id='word_1_326' title='bbox 624 4158 647 4213; x_wconf 82' lang='lat' dir='ltr'><strong>r,</strong></span> <span class='ocrx_word' id='word_1_327' title='bbox 668 4152 725 4206; x_wconf 83' lang='lat'>166.</span> 
     </span>
    </p>
   </div>
   <div class='ocr_carea' id='block_1_7' title="bbox 221 4244 1296 4401">
    <p class='ocr_par' dir='ltr' id='par_1_7' title="bbox 221 4244 1296 4401">
     <span class='ocr_line' id='line_1_39' title="bbox 221 4244 1296 4319; baseline -0.005 -18"><span class='ocrx_word' id='word_1_328' title='bbox 221 4245 253 4309; x_wconf 83' lang='lat'><strong>6)</strong></span> <span class='ocrx_word' id='word_1_329' title='bbox 274 4244 340 4298; x_wconf 83' lang='lat' dir='ltr'><strong>Tam</strong></span> <span class='ocrx_word' id='word_1_330' title='bbox 360 4246 423 4299; x_wconf 81' lang='lat' dir='ltr'><strong>letis</strong></span> <span class='ocrx_word' id='word_1_331' title='bbox 440 4246 537 4299; x_wconf 88' lang='lat' dir='ltr'><strong>linibus</strong></span> <span class='ocrx_word' id='word_1_332' title='bbox 556 4244 703 4302; x_wconf 87' lang='lat' dir='ltr'><strong>Graecismi</strong></span> <span class='ocrx_word' id='word_1_333' title='bbox 722 4252 858 4318; x_wconf 83' lang='lat' dir='ltr'><strong>regionem</strong></span> <span class='ocrx_word' id='word_1_334' title='bbox 880 4252 939 4319; x_wconf 87' lang='lat' dir='ltr'><strong>ipse</strong></span> <span class='ocrx_word' id='word_1_335' title='bbox 952 4247 1080 4302; x_wconf 85' lang='lat' dir='ltr'><strong>Horatius</strong></span> <span class='ocrx_word' id='word_1_336' title='bbox 1097 4247 1128 4303; x_wconf 79' lang='grc' dir='ltr'><strong>Α.</strong></span> <span class='ocrx_word' id='word_1_337' title='bbox 1146 4245 1174 4301; x_wconf 86' lang='grc' dir='ltr'><strong>Ρ.</strong></span> <span class='ocrx_word' id='word_1_338' title='bbox 1187 4249 1223 4304; x_wconf 84' lang='grc'><strong>46</strong></span> <span class='ocrx_word' id='word_1_339' title='bbox 1237 4261 1296 4315; x_wconf 84' lang='lat' dir='ltr'><strong>sqq.</strong></span> 
     </span>
     <span class='ocr_line' id='line_1_40' title="bbox 273 4329 591 4401; baseline 0.019 -22"><span class='ocrx_word' id='word_1_340' title='bbox 273 4329 351 4381; x_wconf 76' lang='lat' dir='ltr'><strong>nolus</strong></span> <span class='ocrx_word' id='word_1_341' title='bbox 376 4333 591 4401; x_wconf 86' lang='lat' dir='ltr'><strong>circumscripsit.</strong></span> 
     </span>
    </p>
   </div>
   <div class='ocr_carea' id='block_1_8' title="bbox 0 0 1396 4838">
    <p class='ocr_par' dir='ltr' id='par_1_8' title="bbox 0 0 1396 4838">
     <span class='ocr_line' id='line_1_41' title="bbox 0 0 1396 4838; baseline 0 0"><span class='ocrx_word' id='word_1_342' title='bbox 0 0 1396 4838; x_wconf 95' lang='lat' dir='ltr'><strong> </strong></span> 
     </span>
    </p>
   </div>
  </div>
 </body>
</html>
