2768 4838
1232 258 1253 322 5

123 443 168 505 ii.
191 441 246 521 iv,
268 438 321 505 43.
344 446 376 503 et
398 436 468 503 Nic.
494 441 647 503 lieinsii
673 443 812 523 Adusl,
839 443 887 506 17.
920 461 975 524 pg.
1000 441 1059 508 181
1083 463 1151 527 seq.
1199 446 1254 508 Sic

123 546 267 608 noram
288 542 325 607 o.
347 542 377 620 1,
403 541 460 620 uo,
496 541 544 605 m.
582 543 611 622 ι,
642 545 701 626 ιι,
730 545 784 609 no.
822 546 882 626 ιιι,
908 531 964 628 ιιι,
989 548 1021 610 7.
1067 548 1166 628 upon.
1196 546 1254 628 lo,

122 647 153 712 3.
176 652 208 711 et
231 647 380 726 Virgilius
405 645 470 707 liei.
494 645 524 725 7,
548 644 600 708 60.
628 632 707 709 Aen.
730 648 792 727 1Χ,
817 648 883 711 670
905 649 943 710 al.
968 685 1007 693 -
1049 649 1097 712 De
1120 655 1253 714 venato-

124 769 187 812 rum
209 750 361 812 laboribus
385 746 425 809 oi.
449 746 536 808 Hom.
561 747 621 811 0d.
643 749 705 829 1Χ,
734 751 793 814 inii
814 765 861 832 sq.

228 870 260 912 v.
275 848 326 913 99.
360 849 415 910 Me
431 850 591 911 deciorum
606 853 742 915 hederae
750 857 898 936 praemia
910 850 1078 937 flentium]
1104 854 1254 917 Doctus

123 952 214 1033 plane
236 956 269 1015 ut
289 952 409 1015 Graece
434 950 550 1033 σοφός,
573 953 603 1013 b.
625 973 652 1016 e.
675 953 868 1042 dicbteriseb.
914 956 1132 1019 8010411.

162 1053 275 1128 ’Ἁλλος
296 1049 514 1133 Ὀλυμπιάδων
536 1058 692 1119 Μουσέων
713 1055 799 1139 τιάρα
822 1062 905 1140 δῶρα
928 1063 1099 1141 διδαχθεὶς,

223 1153 364 1238 Ἰμερτῆς
385 1160 529 1235 σοφίης
550 1158 665 1238 μέτρον
690 1157 905 1242 ἐπιστάμενος.

124 1259 200 1322 Item
225 1264 321 1341 σοφία
346 1260 382 1318 de
406 1259 495 1337 poesi
518 1256 638 1321 Gallim.
663 1278 713 1342 ep.
735 1258 773 1341 8,
798 1262 831 1325 4.
853 1260 954 1327 ἀοιδοὶ
977 1267 1114 1342 σοφοὶ,
1137 1262 1180 1323 ld.
1204 1280 1254 1342 ep.

123 1357 185 1442 50,
210 1362 242 1425 4.
269 1366 301 1423 et
322 1365 522 1441 coeterni
546 1362 631 1423 Pind.
653 1361 679 1424 1.
703 1362 742 1442 V,
767 1361 821 1428 28.
844 1366 880 1426 B.
907 1366 944 1427 de
968 1367 1079 1446 poetis.
1122 1364 1255 1425 Hede-

124 1483 188 1526 ras
214 1468 312 1526 autem
336 1463 453 1524 dixisse
480 1464 617 1544 uidetur,
649 1479 735 1547 quum
761 1468 810 1528 vel
833 1469 869 1530 ad
891 1468 1061 1546 Bacchum,
1089 1484 1184 1550 aquo
1207 1467 1255 1527 vis

125 1568 247 1647 poetica
262 1565 481 1647 proficiscitur,
506 1568 558 1630 vel
582 1568 620 1629 ad
640 1568 816 1650 Pindarum,
839 1571 996 1652 exemplar
1017 1587 1121 1648 suum,
1141 1586 1254 1650 respe-

126 1670 237 1730 xisset.
283 1669 345 1729 Alii
366 1671 441 1729 enim
467 1673 628 1733 carminum
649 1673 759 1749 generi
781 1673 841 1735 alia
865 1675 914 1734 est
936 1676 1010 1753 apta
1034 1689 1164 1750 corona,
1193 1689 1254 1733 ve·
1294 1752 1296 1758 Α

124 1771 179 1832 lull
208 1771 322 1843 bodera
351 1770 641 1851 dithyrambica
682 1777 809 1853 generi,
843 1773 907 1835 vid.
936 1771 1075 1836 Cionian.
1104 1774 1134 1834 in
1165 1772 1255 1835 Ovio.

125 1871 271 1952 Tristi,
296 1872 335 1951 7,
358 1871 389 1932 2.
414 1894 444 1954 p.
464 1873 538 1938 479.

229 1995 259 2034 v.
282 1973 336 2037 34.
379 1974 534 2060 barbiton}
579 1977 685 2038 Forma
708 1978 828 2040 Graeca
861 1995 976 2040 accus..
992 1977 1117 2054 generis
1151 1995 1255 2056 maso,

126 2075 191 2136 vii.
212 2074 249 2139 C·
274 2076 305 2155 1,
327 2077 385 2155 32,
409 2077 440 2140 4.
463 2084 495 2140 et
516 2079 591 2139 Exe.
614 2077 668 2140 lli.

231 2199 262 2240 u.
285 2177 338 2242 35.
366 2178 502 2242 Sublimi
515 2183 633 2264 feriam
655 2183 760 2244 sideru
777 2177 905 2264 vertice]
925 2180 1085 2261 „Prorsus
1100 2176 1255 2259 sIeSap-
1321 2262 1323 2267 Ι

124 2279 199 2362 pho
220 2280 297 2360 Frg·
319 2281 349 2345 9.
372 2284 427 2345 N.:
461 2283 574 2348 deiru
603 2287 638 2348 δὲ
662 2280 788 2368 [πόλον]
819 2286 907 2347 δοκεῖ
924 2307 976 2363 μοι
1002 2277 1113 2364 ὥρανώ
1134 2279 1255 2346 δυσπά-

125 2383 220 2464 χια“.
247 2382 390 2446 Orelli.
417 2384 528 2447 Verum
555 2407 643 2468 quum
666 2387 704 2449 de
726 2406 839 2448 summa
860 2387 980 2463 gloriae
1003 2386 1152 2454 felicitate
1166 2383 1256 2465 plane
1353 2387 1356 2390 ’

127 2486 267 2548 usitatum
291 2505 343 2567 ao,
367 2506 463 2569 prope
487 2490 625 2568 dixerim,
651 2490 808 2552 contritum
826 2490 867 2551 sit
884 2488 1010 2551 Graecis
1031 2487 1173 2570 loquendi
1192 2504 1255 2565 ge-

127 2607 200 2649 nus:
222 2591 278 2653 τοῦ
292 2587 427 2670 odonem]
448 2596 485 2679 τῇ
506 2596 620 2679 κεφαλῇ
641 2589 751 2673 ψαύειν
765 2594 852 2654 δοκεῖ
863 2625 896 2634 ψ
915 2586 1001 2652 ¹cilius
1022 2589 1164 2671 exempla
1180 2608 1256 2653 oon-

126 2692 230 2768 gessit
252 2691 469 2753 Roissonadius
493 2693 531 2754 ad
555 2693 711 2755 Aristaen.
732 2692 763 2770 1,
793 2691 838 2751 11.
862 2695 942 2753 extr.
963 2711 1023 2751 -ι
1056 2692 1172 2752 minime
1200 2710 1257 2772 pro
1304 2733 1307 2737 ·

104 2785 213 2855 *nerto
235 2791 384 2856 affirmare
404 2799 517 2877 ausim,
542 2799 580 2859 ad
602 2793 728 2876 Sappho
758 2792 944 2873 potissimum
965 2791 1120 2853 Horatium
1143 2810 1257 2873 respe-

126 2895 230 2972 xisse,
270 2912 357 2974 quum
383 2901 581 2980 praesertim,
614 2901 647 2959 ut
668 2895 739 2957 nibil
765 2894 860 2956 dicam
885 2892 923 2954 de
946 2894 1062 2958 ineerta
1084 2896 1258 2960 coniectura

125 2992 236 3078 ψαύειν
263 2992 447 3084 adbeel),
484 3021 522 3064 ne
552 3004 590 3063 de
618 3000 678 3062 bae
705 3000 774 3080 ipsa
802 2997 939 3080 quidem,
979 2995 1016 3057 de
1052 3015 1110 3078 qua
1142 2999 1288 3082 agitur,

126 3100 192 3161 eius
215 3098 273 3162 loei
298 3105 449 3165 sententia
467 3109 597 3168 constet.
623 3099 778 3166 Libentius
802 3101 905 3182 utique
925 3101 954 3161 in
972 3100 1075 3161 verbis
1091 3101 1256 3162 sublimi

125 3202 304 3284 vertier,
328 3203 401 3266 lue.
422 3209 645 3289 μετέωρος,
670 3204 896 3267 dePindaro
919 3203 1258 3283 cogitarem‚quoninm

126 3305 271 3368 Horatius
291 3309 415 3387 saepius
435 3328 452 3369 a
469 3330 528 3393 quo
552 3312 710 3373 exordium
734 3307 817 3388 cepit
839 3307 868 3365 iu
892 3305 999 3365 eodem
1023 3307 1148 3365 auctore
1171 3304 1258 3365 desi-

125 3408 170 3471 uit
192 3404 248 3488 (O.
268 3406 294 3486 1,
323 3406 372 3487 18,
399 3407 476 3490 liii:
502 3413 529 3472 si
553 3413 672 3493 quidem
697 3409 803 3471 similis
827 3407 908 3469 illius
929 3407 1017 3469 locus
1041 3405 1111 3466 mibi
1132 3375 1273 3486 praest⁸

126 3511 230 3586 esset,
258 3509 311 3570 vel
341 3512 367 3569 si
397 3511 469 3572 illud
495 3513 591 3594 ipsuum
613 3515 769 3592 μετέωρος
789 3509 879 3569 hodie
902 3508 983 3588 apud
1004 3506 1086 3568 illum
1108 3509 1258 3568 exstaret.

128 3607 186 3694 Qui
207 3611 285 3670 enim
315 3611 383 3690 ipsa
413 3611 515 3687 gloria
539 3614 638 3675 elatus
669 3615 701 3674 et
732 3629 825 3691 supra
849 3609 1006 3671 humanum
1027 3606 1156 3685 gradum
1177 3625 1258 3670 eve-

128 3716 197 3774 ctus
221 3711 259 3774 ad
281 3719 393 3775 sortem
418 3713 547 3775 divinam
572 3714 694 3778 videtur
710 3712 889 3791 ascendere,
912 3729 978 3773 eum
994 3710 1139 3773 bominem
1149 3711 1259 3786 Graeci

130 3891 333 3902 -———-..

179 3992 208 4060 1)
232 3989 325 4047 Πόλιν
351 3996 501 4051 emendavit
522 3997 612 4063 Neue
639 3999 703 4052 libri
728 3995 769 4051 οὔ.
803 3995 900 4068 ⁴Longe
923 3997 977 4049 alio
1006 3996 1084 4049 modo
1110 3997 1196 4049 lunum
1216 4010 1258 4047 ro-

232 4080 318 4131 stituit
337 4079 463 4150 Bergk.
484 4084 517 4136 sl.
534 4091 575 4140 15.
595 4087 694 4153 p.604:
716 4079 813 4151 Ψαύην
831 4079 855 4134 δ’
873 4079 946 4135 ἕπε’
967 4076 1005 4132 οὗ
1026 4076 1258 4148 ὃὸκημιᾪρά-

232 4179 270 4211 vm
290 4159 444 4233 δυσάχεα
493 4166 566 4228 Quae
586 4184 638 4238 quo
656 4171 714 4223 iure
733 4171 771 4221 ita
793 4166 958 4226 eorrexerit,
986 4164 1037 4230 ipsi
1057 4162 1259 4232 relinquendum

234 4251 288 4309 est;
311 4248 358 4302 sed
379 4249 508 4304 heumihi
527 4251 667 4306 tenendum
687 4252 807 4315 videtur,
835 4263 958 4319 magnam
986 4245 1071 4299 adhue
1091 4246 1123 4300 de
1144 4263 1176 4300 oo
1202 4249 1258 4300 lra-

236 4337 344 4399 grnento
363 4340 576 4389 controuersiam
595 4351 663 4390 esse.
699 4335 915 4390 Schneidewinus
934 4333 1013 4402 plane
1034 4334 1133 4386 omisit.
