2768 4838
1196 223 1258 291 173

129 406 208 468 alter
230 407 339 487 opinor
361 408 524 487 gyrrpnico,
556 406 635 471 alter
659 407 771 470 musico
794 409 956 471 certamine
975 427 1047 471 sese
1070 413 1186 474 vicisse
1207 412 1255 473 si-

129 506 270 575 mulabat.
314 508 390 570 Nam
414 509 544 590 Delphis
561 509 688 590 juvenis
711 512 872 587 praeterea
885 510 1037 574 Herculea
1059 513 1176 593 fronde,
1202 517 1254 577 ut·

128 612 200 690 pote
222 610 395 690 palaestrae
427 612 600 690 studiosus,
632 610 810 675 Alcibiades
837 619 939 689 autem
963 612 1076 677 hedera
1106 612 1255 679 liaccbica

127 730 183 773 scu
211 714 332 793 poetica
357 713 472 777 cinctus
495 718 563 794 est,
596 717 640 798 et
656 711 705 776 bic
726 715 794 795 ipse
818 717 910 797 paulo
933 721 1006 799 post
1027 716 1099 778 dicit
1123 735 1159 776 se
1188 736 1252 779 cum

126 815 234 875 taeniis
267 816 408 896 venisse,
445 820 490 881 ut.
507 814 705 895 Agathonem
739 816 778 879 dc
808 820 909 899 capite
937 839 992 882 suo
1022 818 1060 881 ob
1095 821 1253 884 victoriam

125 917 191 978 eius
214 917 362 994 tragicam
385 920 561 983 revinciret
604 916 681 980 Hinc
696 916 840 983 Timaeus
861 922 892 983 lu
913 919 1036 985 crosa:
1061 906 1256 995 Ταινίαις·

122 1013 333 1100 ἀναδούμενοι.
356 1018 435 1121 λίθος
457 1029 523 1096 τοῖς
545 1015 702 1104 νιαῆσασιν
724 1016 892 1087 dracoleno
920 1028 1041 1099 ταινίας
1049 1019 1107 1104 ¹⁶).
1153 1023 1254 1109 Quare

126 1186 330 1197 ...—.-..----

225 1300 315 1353 tiebat.
351 1297 418 1352 llinc
435 1296 545 1351 ἑλικτᾶν
561 1297 632 1373 illud·
647 1298 717 1367 apud
726 1297 898 1359 Theocritum
919 1305 959 1357 sio
976 1310 1004 1357 nt
1025 1306 1061 1362 ib.
1072 1315 1095 1369 i,
1110 1311 1152 1364 81.
1172 1305 1253 1359 ducis

225 1385 259 1438 ab
282 1383 384 1439 hedera
410 1386 521 1452 eiusque
547 1383 680 1452 corymbis
708 1386 842 1452 imagine,
870 1391 896 1440 et
920 1385 1074 1444 Alcibiades
1092 1388 1250 1445 Platonicus

222 1469 270 1526 τίν
287 1471 392 1526 ταινίαι
409 1468 460 1534 ἔχει
477 1465 522 1520 ἐπὶ
539 1463 575 1540 τῇ
591 1466 704 1540 κεφαλῇ,
724 1466 880 1537 etapPlut.
891 1470 991 1530 Tim.8.
1008 1468 1136 1531 habemus
1156 1475 1251 1528 victri-

221 1571 276 1609 oem
295 1557 414 1607 .ταινίαν
444 1547 591 1618 στεφάνους
616 1551 726 1619 ἔχουσαν
755 1557 801 1605 aar
828 1557 904 1610 νίκαε
928 1554 1197 1629 ἕμπεποικιλμλνασ.
1222 1562 1252 1613 θλ

222 1656 264 1710 ap.
281 1638 377 1693 Athen.
399 1635 438 1700 V,
466 1640 515 1692 197
539 1634 572 1699 i,
598 1635 644 1689 ubi
671 1649 769 1707 pompa
803 1638 935 1695 Bacchica
953 1641 1130 1712 describitur,
1157 1648 1248 1700 consi-

217 1727 274 1779 miii
308 1726 405 1779 ornatu
438 1718 565 1772 habemus
594 1715 746 1786 ἅμπίλτνον
773 1722 886 1789 χρυσοιῖν
908 1729 1049 1792 1στέφανον
1077 1726 1249 1799 manicleata
1315 1729 1323 1741 ⁰

222 1813 330 1878 μίτραις
353 1802 586 1871 κατειλημμένον,
611 1808 639 1856 ei
656 1800 766 1857 Pindari
783 1804 947 1862 scholiastes
969 1814 1067 1877 μίτρας
1086 1819 1133 1865 καὶ
1150 1808 1243 1878 διαδή-

221 1911 297 1960 ματα
315 1886 428 1942 ποικίλα
447 1902 516 1956 quae
534 1886 700 1939 memorabat
723 1891 780 1943 τοῖτ
796 1887 941 1956 στεφάναις
959 1890 1185 1960 προσπλεκόμενοι
1204 1892 1245 1945 di-

222 1976 314 2039 cebat,
341 1977 368 2026 et
385 1971 451 2025 alibi
468 1974 496 2023 in
514 1985 568 2024 una
586 1984 688 2023 corona
705 1972 815 2025 victrice
838 1974 880 2027 vel
899 1975 989 2030 decem
1008 1974 1153 2042 λημνίσκοι
1172 1991 1246 2029 conr-

222 2062 411 2114 memcraniur.
447 2055 522 2116 Quae
546 2058 615 2109 enim
640 2055 723 2108 solita
742 2057 770 2108 in
787 2054 837 2110 bac
856 2049 889 2113 'ro
909 2060 1100 2114 consuetudine
1118 2061 1245 2131 loquendi

222 2147 353 2197 vocantur
376 2143 542 2204 taeniae,
569 2140 634 2192 alibi
660 2145 686 2193 et
711 2138 871 2196 altomeris
891 2148 1001 2200 maxime
1027 2144 1114 2212 (velut
1134 2161 1151 2198 a
1170 2144 1245 2201 Suet,

222 2227 286 2281 Ner.
306 2241 326 2284 c.
344 2221 403 2295 οε.)
422 2229 452 2278 in
467 2225 560 2280 eadem
584 2238 613 2277 rc
638 2238 720 2293 saepe
750 2224 910 2282 lemnisci
936 2230 1122 2299 appellantur,
1151 2245 1244 2301 quam-

220 2329 307 2386 quam,
327 2315 351 2367 si
368 2314 479 2381 proprie
500 2310 643 2380 loquimur,
664 2309 693 2364 id
713 2309 874 2366 discriminis
896 2315 1030 2369 interesse
1045 2313 1184 2369 dicendum
1203 2321 1244 2369 est

218 2396 289 2469 quod
305 2399 376 2449 inter
393 2401 475 2449 totum
495 2400 522 2448 et
539 2400 656 2464 partem,
675 2401 701 2450 et
719 2394 790 2467 quod
808 2402 833 2448 in
848 2399 979 2466 persimili
995 2413 1062 2454 osne
1078 2401 1242 2455 sacerdotali

219 2482 290 2536 cuitu
307 2483 378 2535 inter
398 2481 542 2535 iniciam
569 2481 669 2534 eteius
689 2483 803 2534 vittas
822 2480 1020 2548 interdeoebat;
1045 2484 1078 2540 de
1104 2499 1159 2556 qua
1176 2499 1242 2539 vera

219 2571 325 2622 ratione
340 2570 480 2637 utriusque
497 2568 572 2620 vocis
590 2579 673 2653 saepe
692 2568 843 2634 promiscue
860 2574 1007 2635 usurpatae
1024 2586 1086 2624 mox
1103 2570 1206 2641 videro.

152 2700 201 2771 16)
218 2697 286 2753 Vide
304 2695 337 2749 de
354 2710 429 2748 more
447 2692 500 2749 boc
516 2694 696 2749 clarissimam
713 2693 919 2755 Ruhnkenii
943 2698 975 2747 in.
989 2695 1095 2751 Timaei
1111 2699 1129 2752 l.
1147 2713 1167 2755 c.
1187 2698 1242 2751 dis-

219 2783 384 2852 putationem
403 2796 427 2848 p.
446 2780 500 2837 246
517 2795 558 2849 sq.
581 2781 642 2835 coll.
663 2780 746 2836 Thac.
766 2780 811 2845 iv,
825 2786 890 2842 iat,
910 2778 1033 2851 Xenoph.
1050 2780 1117 2860 ileli.
1131 2781 1163 2847 ll,
1184 2789 1205 2846 1,
1216 2789 1241 2838 3.

220 2866 301 2921 oonv.
321 2868 347 2927 5,
365 2870 407 2928 9.,
434 2861 500 2921 ΡΙιιῑ,
521 2861 617 2921 Pericl.
636 2871 694 2931 ta,
721 2866 790 2920 Tim.
807 2870 847 2929 8.,
875 2861 1014 2933 Nemmio.
1033 2869 1066 2931 6,
1090 2865 1169 2921 Diod.
1189 2865 1243 2921 Sic.

219 2949 304 3015 XVII,
325 2957 399 3014 101„
419 2948 515 3019 quibus
533 2949 601 3004 locis
615 2953 807 3020 luperatcrum
832 2951 962 3003 victorum
983 2955 1010 3003 et
1033 2951 1149 3006 aliorum
1174 2951 1242 3005 bene

218 3038 390 3098 meritorum,
417 3035 495 3105 quasi
519 3075 537 3101 ‚‚
546 3030 679 3103 ἀθλητῶν
696 3034 878 3105 easqpo'pma“
897 3037 988 3105 capita
1005 3038 1140 3101 taeniis
1162 3051 1243 3089 coro-

218 3124 313 3192 nisque
332 3117 507 3174 redimiuutur
526 3124 554 3173 et
569 3126 710 3176 ornantur.
736 3114 957 3180 diocesanei.
979 3117 1025 3175 (ir.
1045 3119 1076 3178 Τ,
1096 3119 1115 3178 Ι,
1135 3138 1160 3190 p.
1180 3123 1232 3178 235

278 3287 364 3359 ’Ἆγιν
381 3291 428 3341 καί
443 3289 592 3352 prisoner
608 3288 720 3358 βάλλετε
739 3284 787 3343 ναί
801 3288 953 3357 στεφάνοις,

215 3376 307 3446 ibique
325 3370 435 3439 laudata
448 3369 576 3425 Jacobsio
598 3371 629 3430 T.
638 3370 700 3429 vii.
721 3390 745 3442 p.
757 3377 817 3429 339.
835 3373 896 3426 coll.
914 3360 1094 3438 Arriun.Bnp.
1111 3369 1232 3428 dicavi

218 3466 259 3516 13.
277 3457 332 3514 ind.
351 3452 482 3517 xxxvl,
500 3462 541 3517 3.,
566 3453 681 3509 Pausan.
701 3456 752 3519 lV,
778 3462 824 3517 16,
841 3461 864 3513 t.
901 3455 941 3509 0b
963 3457 1104 3509 victorium
1123 3456 1241 3508 curulem

216 3543 290 3595 illam
308 3555 382 3592 suam
399 3537 498 3606 Pelops
518 3541 570 3589 ianr
591 3537 673 3592 beros
693 3543 719 3592 in
737 3543 844 3607 prisone
862 3541 931 3593 artis
950 3554 1032 3608 opere
1051 3536 1087 3592 ab
1105 3539 1165 3606 ipsa
1176 3535 1240 3607 ilip

215 3624 343 3693 podamia
366 3623 459 3675 taenia
485 3628 597 3675 ornatur
622 3638 665 3693 ap.
686 3621 801 3677 Pausan.
823 3618 873 3687 Vl',
891 3629 936 3687 20,
954 3628 996 3678 10.
1017 3628 1043 3676 ct
1061 3622 1095 3676 ob
1115 3623 1241 3676 musicam

219 3709 339 3764 Corinna
358 3708 465 3777 poetria
486 3706 521 3763 ib.
540 3705 574 3772 X,
588 3708 637 3772 bt,
653 3715 678 3764 3.
713 3705 747 3760 lit
766 3706 887 3777 l’olpcies
905 3705 1240 3783 Lacedaemoniorumque

217 3792 250 3848 de
280 3791 420 3865 quadrigis
453 3806 579 3845 coronam
605 3788 768 3862 ¹Olympicum
794 3794 955 3862 accepisset,
987 3794 1102 3845 taeniam
1131 3791 1242 3845 dextere

216 3884 309 3933 tenens
328 3882 424 3955 postea
442 3876 474 3930 de
492 3875 584 3946 lapide
602 3876 640 3929 ibi
657 3877 764 3945 positus
781 3881 836 3940 est;
855 3875 892 3929 ib.
914 3874 959 3940 Vl,
981 3883 1004 3930 1.
1021 3883 1087 3932 extr.
1122 3877 1161 3932 Ac
1178 3891 1239 3931 suc-

216 3964 326 4032 pissime
344 3965 373 4015 iu
390 3961 507 4015 vernulis
526 3963 643 4030 antiquis
660 3957 779 4019 athletae
798 3963 997 4030 conspiciuntur
1012 3962 1046 4015 ab
1058 3961 1239 4017 Hellanodicis
1308 3980 1311 3985 ·
1329 3992 1333 3997 -

215 4049 313 4101 taeniis
334 4045 451 4100 redimiti
469 4050 515 4101 aut
534 4043 630 4115 quihus
648 4046 756 4098 taeniae
778 4043 1123 4116 (Sie'gsbinden-Krtnze)
1148 4058 1239 4098 amu-

217 4130 329 4184 lieribus
349 4131 494 4199 (Victoria,
513 4129 636 4201 Olympia
655 4130 719 4198 cel.)
738 4130 902 4195 clieruntur3
919 4127 1085 4184 nilamnion
1102 4135 1129 4183 ei
1142 4127 1238 4183 Tiscb-

217 4215 280 4269 bein
298 4216 408 4271 (tolient.
432 4216 463 4269 oi
478 4229 589 4287 engrav.
608 4212 677 4267 irom
696 4228 754 4270 arro.
778 4229 833 4269 ras.
853 4213 912 4268 Vol.
933 4212 955 4270 1.
979 4230 1003 4282 p.
1019 4217 1077 4273 147.
1097 4215 1131 4284 pl.
1152 4220 1194 4273 ⁵7.
1212 4219 1238 4268 et

217 4297 249 4352 0.
268 4298 368 4354 Miller
395 4298 461 4360 lldb,
489 4300 537 4355 der
556 4296 736 4371 drcbtciogie
762 4299 810 4354 der
828 4296 914 4355 Kunst
941 4300 1096 4373 premi.
1142 4298 1238 4353 Divino
