2768 4838
193 498 196 503 .
288 433 394 519 Ῥίψω
414 431 475 516 γάρ
496 457 533 499 σε
552 429 656 515 βαλών
679 433 711 508 ἐς
732 429 895 515 Τάρταρον
917 430 1060 513 ἠερόεντα
1083 440 1146 498 κιλ.

190 544 223 602 et
245 537 360 601 arridet
379 537 517 616 „iocoso
537 536 580 598 illi
605 536 721 599 lurto⁴‘
750 555 800 598 vs.
821 534 901 601 281:

293 633 358 703 Τόν
380 635 538 704 δ’ἁσαλόν
559 637 691 721 γελάσας
712 640 851 720 προςέφη
871 635 1017 720 ἑκάεργος
1037 637 1195 704 Ἀπόλλων

82 820 85 825 ¹
192 748 225 810 et
246 744 375 825 denique
396 741 426 802 iu
447 740 524 805 haec
546 744 832 824 verbaprurumpit
855 761 905 802 vs.
929 741 1033 804 514:-

295 847 414 922 Δείδια,
434 841 581 918 Μαιάδος
603 845 661 922 oti,
686 842 836 924 διάκτορε,
857 849 1072 927 ποικιλομῆτα,

292 941 351 1024 Μῆ
373 970 427 1026 μοι
445 944 511 1027 ἅμα
529 949 646 1035 κλέψῃς
659 952 796 1029 -κλθαριν
815 951 865 1010 καῖ
886 944 1033 1028 καμπύλα
1054 944 1139 1019 τόξα.

190 1049 276 1112 Unde
297 1050 413 1113 rectius
437 1067 524 1130 quam
546 1050 742 1130 Wagnerus,
773 1051 824 1131 qui
848 1049 967 1114 Alcaeo
993 1052 1062 1112 sire
1084 1051 1229 1127 ignorato
1250 1051 1323 1112 sive

188 1153 401 1243 neglectae:
421 1150 475 1212 illc
502 1149 612 1231 hymno
636 1152 798 1215 Homerico
827 1151 905 1215 hunc
926 1152 1025 1214 locum
1048 1169 1228 1230 expressum
1249 1170 1323 1214 esse

190 1255 332 1337 coniecit,
350 1250 413 1319 huc
426 1254 562 1318 fortasse
582 1257 749 1336 suspiceris
765 1258 834 1337 ipsa
851 1254 1039 1337 exemplaria
1052 1254 1172 1317 Graeca
1187 1258 1323 1318 arctiore

190 1359 319 1440 quodam
349 1358 543 1435 cognationis
572 1358 693 1422 vinculo
726 1361 805 1422 iuter
835 1377 871 1421 se
898 1373 1036 1420 connexa
1065 1360 1096 1420 at
1113 1361 1203 1438 apta
1236 1377 1322 1420 esse.

189 1462 266 1523 Nam
295 1477 371 1542 quae
399 1459 518 1541 quidem
541 1461 569 1520 iu
591 1459 725 1524 scholiis
748 1462 787 1524 ad
809 1461 897 1524 lliad.
916 1459 973 1522 lx.
1001 1481 1050 1522 vs.
1074 1459 1151 1523 256.
1175 1455 1323 1524 adnotata

190 1568 272 1644 sunt,
292 1565 336 1625 ita
357 1561 449 1643 plane
470 1580 536 1624 cum
561 1561 735 1626 Horatianis
759 1566 962 1641 conveniunt,
984 1567 1017 1625 ut
1043 1580 1099 1624 suo
1118 1564 1183 1624 iure
1206 1563 1322 1626 videa-

189 1671 239 1731 tur
260 1666 359 1728 lloim.
381 1664 610 1744 Peerlkampins
643 1667 807 1748 statuisse,
840 1667 962 1729 Homeri
984 1664 1178 1729 Scholiasteu
1199 1685 1256 1729 sna
1278 1685 1322 1728 ex

189 1768 300 1849 hymno
329 1767 474 1830 Alcaei
500 1765 651 1828 hausisse.
696 1767 775 1830 Sunt
802 1772 901 1832 autem
929 1767 1023 1832 hacc:
1056 1765 1168 1848 Ἑρμῆς
1197 1764 1215 1830 d
1244 1764 1322 1844 Διός

189 1875 242 1935 καὶ
260 1874 370 1943 Μαίας
386 1873 439 1946 τῆς
453 1866 624 1943 ’Ἄτλαντος
646 1860 716 1950 εὗρε
735 1866 842 1953 λόραν,
866 1876 918 1933 καὶ
940 1866 1014 1944 νοός
1028 1866 1223 1944 ’Λπόλλωνος
1241 1867 1322 1952 βόας

189 1974 324 2056 κλέψας,
347 1970 462 2053 εὑρέθη
493 1965 553 2034 dard
582 1973 638 2035 τοῦ
659 1975 739 2037 θεοῦ
760 1967 811 2037 διό
835 1976 889 2048 τῆς
909 1977 1064 2053 μαντικῆς.
1099 1969 1322 2052 όπειλονμένον

188 2081 223 2142 δὲ
244 2079 300 2139 τοῦ
317 2072 531 2152 Ἀπόλλωνος,
565 2073 692 2159 ἔκλεψεν
712 2074 809 2140 αὐτοῦ
829 2079 882 2137 καὶ
906 2068 944 2138 τό
966 2075 1019 2138 ἐπὶ
1042 2079 1101 2137 τῶν
1122 2072 1214 2156 α’όμων
1233 2074 1322 2150 τόξα.

189 2173 349 2259 μειδιάσας
372 2181 405 2239 δὲ
425 2172 442 2238 ὁ
466 2171 551 2253 θεὸς,
572 2176 684 2240 ἔδωκεν
707 2173 792 2264 αὐτῷ
812 2170 868 2253 τῆν
889 2171 1037 2257 μαντικῆν
1057 2174 1185 2259 ῥάβδον,
1204 2175 1264 2261 ἀφ’
1283 2172 1322 2242 οὗ

190 2285 245 2346 καὶ
266 2274 483 2364 χρυσόρραπις
505 2275 522 2342 ὁ
542 2277 651 2357 Ἑρμῆς
674 2275 925 2363 προσηγορεύθη.
959 2290 963 2297 ’

294 2401 327 2444 v.
353 2379 502 2444 13-16.
549 2382 631 2458 Quin
653 2391 687 2443 et
706 2384 840 2463 Aufidus
862 2378 935 2462 cet]
958 2379 1034 2440 Rem
1055 2384 1158 2444 narrat
1172 2381 1320 2443 Home·
1375 2457 1379 2464 .

191 2504 260 2549 rus
281 2484 317 2545 ll.
339 2481 458 2562 XXIV,
481 2480 546 2546 336
569 2501 650 2565 sqq„
669 2485 720 2546 uhi
742 2484 913 2546 Mercurius
934 2482 992 2545 hcc
1013 2484 1111 2563 ipsum
1132 2480 1217 2544 luris
1240 2501 1320 2546 ver·

190 2589 238 2651 his
258 2586 394 2648 iubetur:

190 2738 194 2745 .
295 2681 397 2750 Botra'
418 2685 471 2750 ihc
490 2689 543 2759 Ικαὶ
565 2692 712 2770 Πρίαμον
734 2692 839 2762 κοίλας
859 2687 912 2752 int
932 2689 1007 2765 νῆας
1027 2682 1162 2767 Ἀγαιῶν

290 2784 333 2864 ὣς
353 2786 460 2873 ἄγαγ’,
481 2784 523 2864 ὥς
543 2787 612 2872 μῆν’
632 2788 670 2854 όν
687 2815 735 2865 τις
756 2790 805 2879 ilio
826 2785 896 2872 μῆν’
917 2787 956 2853 όίν
975 2808 1009 2852 τε
1029 2786 1125 2877 νοῆσμ

290 2895 351 2956 τῶν
375 2889 474 2956 ἄλλων
494 2899 627 2957 Δαναῶν
646 2900 722 2977 πρῖν
744 2890 936 2971 Πῆλείαινοὶδ’
957 2891 1095 2959 ἱκέσθαι,

190 2997 298 3059 deinde
330 2977 528 3074 „divitem
550 2996 727 3058 Priamum“
756 3001 854 3059 —ut
877 2996 928 3077 qui
951 3014 1038 3076 quum
1062 2994 1122 3055 alia
1143 2992 1220 3055 dona
1241 3008 1319 3072 pre-

189 3099 270 3161 tiosa
291 3100 352 3158 tum
375 3098 439 3159 auri
460 3099 526 3159 tcta
551 3097 654 3160 decem
678 3099 804 3163 talenta*
817 3100 882 3174 (vs.
900 3094 980 3179 232)
1005 3098 1092 3159 dumo
1114 3115 1214 3159 secum
1235 3113 1319 3157 ave-

190 3201 291 3263 xisset
312 3233 347 3243 —
375 3217 432 3280 per
453 3200 571 3279 sopitos
595 3199 708 3278 uigiles
732 3200 916 3264 Graecorum
936 3196 1120 3264 incolumem
1133 3200 1170 3261 ad
1187 3196 1320 3261 Achillis

190 3302 415 3368 tabernaculum
440 3301 580 3382 perducit
598 3302 726 3384 indeque
747 3303 877 3369 reducit.
906 3335 950 3346 -—
996 3304 1131 3367 Atridas
1151 3296 1317 3384 superbos]

188 3401 410 3490 μεγαλήτορας,
439 3399 643 3486 μεγαθύμους
666 3405 810 3468 Ηοοιοιο.
832 3440 871 3450 -
892 3405 1024 3491 fefellit]
1045 3405 1176 3484 ἔλαθεν,
1197 3401 1318 3466 Humi.

188 3529 216 3574 ο.
234 3506 310 3574 563.
355 3509 440 3570 Haec
460 3507 557 3568 omnia
578 3507 620 3568 ita
643 3507 803 3570 manifesta
825 3511 858 3570 et
879 3512 989 3589 aperta
1010 3513 1092 3587 sunl,
1111 3510 1144 3570 ut
1158 3523 1214 3587 pro
1230 3508 1317 3568 certo

185 3611 282 3676 liceat
303 3610 449 3673 affirmare
474 3611 567 3671 totum
590 3608 689 3672 locum
711 3628 753 3671 ex
774 3611 906 3672 Homero
931 3611 1136 3673 adumbratum
1161 3625 1243 3670 esse.

292 3731 326 3774 v.
351 3712 400 3774 17.
449 3712 497 3776 Τα
511 3715 586 3796 pias
607 3713 697 3774 luetis
717 3714 841 3774 animas
863 3718 988 3797 reponis
1009 3710 1158 3794 Sedibus]
1201 3709 1318 3790 Utpute

35 3830 38 3837 ·
82 3846 96 3869 -ι-
183 3811 416 3900 ψυχοπομπός,
444 3818 496 3899 qui
521 3815 599 3877 idem
625 3806 777 3893 εἰρηνικός
802 3820 867 3895 cst,
900 3816 1039 3878 sollemni
1069 3816 1191 3876 nominc.
1206 3809 1319 3893 Ἑρμῆς

11 3864 49 3959 ᾖ
187 3913 363 3999 χθόνιος
382 3923 582 4001 nuncupatur,
606 3913 756 3994 Aeschyl.
781 3914 838 3980 Ch.
867 3916 897 3981 1.
922 3917 1047 3981 124.Ιλ.
1069 3916 1167 3998 Scph.
1184 3912 1317 3977 dih-lli·

188 4021 240 4086 Au
261 4019 337 4086 832.
358 4023 464 4103 Eurip.
488 4021 557 4084 Alc.
580 4015 655 4082 743.
682 4018 765 4079 alibi.
814 4019 868 4083 Sic
889 4020 973 4082 Aiax
1005 4022 1098 4083 vitam
1122 4017 1319 4100 depositurus

183 4125 341 4206 supplicat
363 4127 543 4208 ,πομιιαίῳ
562 4118 656 4208 Ἑρμῇ
676 4123 798 4206 χθονίῳ
807 4122 838 4200 “,
864 4127 896 4186 et
912 4125 946 4185 nt
969 4124 1099 4205 quietem
1121 4120 1179 4182 sihi
1198 4135 1318 4199 prope·
1354 4100 1383 4187 4

187 4229 235 4289 rut
258 4233 363 4307 rogat.
396 4226 465 4290 Vid.
490 4224 656 4289 Lchcclr.
683 4225 719 4285 ad
743 4224 825 4286 illum
847 4224 868 4285 l.
893 4225 924 4285 et
944 4227 998 4288 clr.
1024 4226 1063 4287 ad
1084 4223 1122 4287 C.
1143 4222 1168 4303 l,
1193 4221 1224 4302 2,
1243 4220 1298 4285 41.

292 4350 323 4392 ν.
348 4329 397 4396 18.
417 4349 486 4413 seq.
533 4329 653 4404 virga
677 4343 797 4387 aurea
823 4334 873 4388 est
892 4322 1019 4408 μανιικῆ
1045 4322 1316 4411 ῥάβδοςιχρι-
