2768 4838
135 233 199 305 180

133 431 256 509 Myrtus
271 424 347 485 enim
370 419 482 482 hedera
504 421 603 501 apium
624 423 657 484 et
683 421 847 484 similleio
870 431 1098 486 emonamenta
1118 426 1206 508 fatie
1227 446 1271 487 οι-

131 538 247 594 acramt
274 525 327 588 vel
358 532 479 586 tammam
504 524 584 606 folio
610 526 820 602 coronabant,
849 526 883 585 nt
913 523 1017 586 dicere
1047 531 1138 591 amat
1162 527 1272 589 Plinius

132 629 289 718 (xxr,9‚
313 626 364 692 ab.
388 624 438 706 10,
455 623 547 709 33.),
569 645 655 707 quum
679 629 783 689 cetera
806 624 1062 691 coronamentae
1088 628 1226 691 floribus
1247 634 1274 692 et

133 736 262 817 propter
290 732 388 812 ipsum
410 729 513 791 liorem
536 730 723 809 peterentur.
767 727 854 790 Haec
877 725 987 790 Graeci
1006 713 1272 814 στεφανωματαύ

133 838 185 900 vei
206 829 419 915 στεφανωτικὰ
441 828 540 910 iuba,
568 831 619 893 ille
642 826 780 910 φυλλώδη
801 826 1030 910 στεφανώματα
1045 829 1271 908 vacillantia).

131 939 167 1002 ln
187 938 234 999 his
257 933 478 1016 posterioribus
497 933 610 995 Plinius
638 930 872 1014 (1.e.10,33.)
901 933 989 994 etiam
1019 935 1118 996 liores
1142 935 1269 998 nonnul-

131 1043 181 1104 los
209 1040 321 1116 refert,
350 1039 402 1117 qul
432 1036 507 1098 iolio
538 1035 643 1097 verius
674 1053 760 1115 quam
784 1034 858 1096 tlore
882 1036 1080 1099 coronabant·
1128 1037 1167 1099 Si
1192 1057 1268 1099 usnn

133 1146 326 1229 spectamus,
356 1137 446 1201 facile
471 1137 714 1219 frequentissima
737 1140 821 1214 serta
849 1137 942 1200 llorea
972 1137 1026 1200 vel
1055 1155 1100 1198 ex
1130 1140 1268 1220 utrisque

131 1248 245 1311 mixtae
268 1257 400 1305 coronae
423 1243 529 1320 erant,
564 1256 643 1320 quae
674 1240 741 1319 ipsa
762 1241 914 1302 varietate
936 1239 1106 1321 placebant
1130 1243 1268 1303 maxine.

132 1351 181 1414 hc
202 1362 315 1408 summa
337 1345 494 1406 varietate
524 1341 701 1420 gaudebant
713 1339 834 1422 Graeci,
857 1343 906 1422 qni
927 1345 959 1403 et
978 1343 1112 1424 plurima
1135 1361 1267 1404 corona·

134 1453 300 1514 mentorum
332 1450 449 1523 geneta
477 1447 627 1513 noverant
654 1446 687 1505 et
709 1445 809 1507 multis
830 1446 900 1505 item
922 1462 965 1507 ae.
983 1446 1078 1506 variis
1100 1445 1266 1508 rationibus

139 1553 220 1615 docti
252 1547 376 1626 singula
400 1563 536 1627 quaeque
562 1534 733 1626 probabant
759 1546 983 1627 eligebantqoe.
1032 1545 1113 1608 Nam
1146 1548 1267 1627 primunr

32 1664 42 1673 ··
133 1655 263 1741 quidem,
285 1649 365 1733 quot
387 1667 479 1729 sopra
499 1666 730 1712 commemorare
751 1666 922 1729 coeperam,
946 1648 1142 1731 antiquiores
1161 1647 1268 1712 Graeci

130 1755 313 1823 valetudinis
340 1751 485 1814 rationem
514 1748 660 1812 habuisse
699 1754 732 1813 et
759 1752 939 1814 medicorum
969 1753 1146 1830 praecepta
1172 1751 1267 1816 secuti

132 1861 300 1926 traduntur.
337 1852 518 1916 Plutarchus
548 1854 625 1914 enim
653 1853 763 1934 Symp.
792 1852 852 1932 lll,
881 1850 964 1931 646:
1004 1852 1193 1932 Hedera,
1219 1855 1267 1933 alt,

130 1967 199 2049 ipsc
222 1957 359 2022 bacchus
382 1957 512 2037 optimos
536 1956 669 2017 creticos
693 1952 878 2017 bacchantes
898 1954 1037 2016 coronari
1060 1953 1209 2018 edocuit:
1230 1949 1267 2028 ός

130 2061 220 2146 ἦττον
243 2056 304 2125 riuti
326 2062 381 2123 τοῦ
398 2058 484 2122 ούνοο
501 2055 651 2145 ἀνιῷντο,
671 2058 741 2122 τού
762 2058 904 2132 κιττοῦ
927 2052 1203 2135 κατασβεννύντος
1217 2054 1267 2133 τόν

129 2171 232 2250 μέθην
253 2166 298 2251 τῇ
319 2157 563 2244 ψυχρότητι,
588 2161 671 2221 etin
694 2160 800 2221 iisdem
821 2156 1075 2236 refrigerantibus
1091 2156 1158 2220 illis
1176 2159 1266 2240 paulo

33 2349 41 2365 .
130 2273 202 2354 post
222 2285 239 2328 e
260 2264 383 2325 tlorihus
414 2260 635 2323 violaceam
663 2265 793 2325 maxime
823 2266 855 2323 et
882 2277 1090 2322 rosaceum
1119 2279 1266 2325 coronans

128 2373 243 2448 refert,
266 2387 297 2446 p.
317 2361 398 2426 647:
419 2358 527 2441 στύφει
547 2360 609 2445 γάρ
640 2362 801 2448 ἀμφότερα
822 2365 875 2425 καὶ
901 2363 1018 2425 στέλλει
1048 2364 1085 2449 τῇ
1103 2357 1196 2452 όσμῇ
1214 2359 1267 2438 τός

128 2473 330 2556 καρηβαρίας.
379 2464 429 2528 Ac
451 2465 648 2529 Dioscorides
670 2467 699 2547 l,
729 2464 810 2529 130:
839 2461 936 2529 Ῥόδον
957 2459 1051 2548 ψύχει
1069 2467 1125 2529 καὶ
1144 2464 1266 2548 στύφει.

128 2577 210 2640 Idem
232 2573 337 2635 Diesc.
361 2567 416 2648 lv,
440 2565 519 2630 1202
543 2565 615 2632 >'lou
641 2570 822 2651 πορφυρούν
845 2564 973 2646 δύναμιν
1007 2562 1072 2646 ἔχει
1099 2565 1265 2648 ψυκτικόν.

74 2715 86 2733 ·
128 2682 169 2743 nt
190 2676 304 2740 Plinius
326 2671 413 2752 xxi,
444 2669 493 2751 18,
514 2657 574 2735 73:
603 2672 691 2734 Rosa
713 2672 900 2752 adstringit,
928 2671 1122 2752 refrigerat5
1144 2671 1190 2733 ib.
1215 2672 1264 2752 19,

128 2780 188 2844 76:
225 2779 332 2840 Viciae
346 2795 532 2857 purpureae
550 2776 793 2857 refrigeraut-
802 2797 815 2845 ,·
836 2774 998 2855 crapulam
1019 2780 1050 2832 et
1068 2775 1264 2853 grauedines

127 2884 239 2966 capitis
258 2881 399 2961 inpositis
421 2879 542 2939 aaronis
563 2879 743 2960 olfactuque
764 2876 941 2938 discutiunt.
984 2872 1076 2950 tllrg.
1100 2871 1187 2956 (lep.
1203 2874 1262 2941 322

128 2987 174 3046 Er
197 2981 364 3066 grauidam
385 2999 475 3039 rosso
500 2988 589 3040 meets
610 2987 709 3060 caput
728 2979 874 3059 strophio.
925 2976 1028 3056 „Inde
1056 2977 1195 3058 vere“,·
1213 2978 1261 3041 in·

127 3088 194 3169 quit
221 3078 396 3144 Philonides
425 3079 558 3140 medicos
589 3081 668 3159 apul
691 3079 880 3141 Athenaeum
906 3077 985 3157 XV,
1015 3075 1081 3141 675
1105 3079 1155 3159 (1.,
1191 3081 1262 3162 „ml

128 3183 318 3264 voluptatem
340 3181 502 3259 conversi,
531 3181 691 3243 utilitatem
720 3185 753 3244 et
774 3179 1023 3242 incommodorum
1043 3199 1086 3241 ex
1107 3180 1261 3246 ebrietate

84 3334 86 3340 2
127 3287 288 3352 remedium
311 3282 434 3344 minoris
461 3282 628 3362 iacientes,
658 3283 754 3362 ipsam
776 3285 910 3365 speciem
929 3288 965 3347 et
985 3283 1089 3349 odoris
1111 3286 1259 3348 suavita·

125 3396 185 3455 tem
215 3387 315 3465 magis
344 3384 528 3449 curarunt.“
584 3385 692 3466 ltaque
730 3384 768 3447 te
799 3386 1004 3448 usitatissimis
1033 3388 1260 3450 coronamentis

126 3495 204 3556 illem
225 3489 300 3550 baec
321 3487 414 3551 tradit
432 3487 452 3548 l.
468 3507 495 3550 c.
513 3484 618 3567 pete
640 3507 675 3551 e:
696 3492 895 3569 μυρσίνης
917 3491 975 3569 μὲν
994 3487 1164 3568 στέφανον,
1185 3483 1261 3551 ari·

124 3619 224 3678 φοντα
249 3594 302 3654 καὶ
324 3585 379 3666 τήν
404 3591 495 3654 οἴνων
524 3585 737 3672 ἀναθυμίασιν
758 3586 1028 3675 ἀποκρουόμενον,
1055 3586 1103 3667 ἔτι
1129 3591 1165 3652 δὲ
1188 3585 1258 3672 p‘o'-

125 3700 255 3769 όινον,
281 3687 397 3770 ἔχοντά
426 3716 456 3753 τι
485 3695 539 3755 καλ
564 3695 770 3774 κεφαλαλγίας
791 3686 1004 3778 παρηγορικὸν
1029 3683 1088 3753 σύν
1109 3691 1156 3776 τῷ
1177 3689 1260 3754 κατύ

125 3790 227 3861 ποσόν
251 3789 380 3876 ψύχειν,
401 3786 481 3877 πρός
505 3791 681 3866 (licaiacus
702 3788 897 3873 δάφνινον
927 3789 983 3857 ούκ
1005 3785 1260 3872 οἷλλότριοντοῖς

128 3962 330 3980 -,,--

157 4081 207 4147 21)
224 4076 379 4132 Athenaeus
397 4075 455 4141 XV,
475 4079 528 4134 680
545 4090 568 4130 e.
587 4077 639 4132 683
658 4088 681 4131 a.
698 4077 750 4132 677
768 4073 787 4126 1.
806 4073 953 4147 Hesychius
970 4078 999 4130 in
1017 4090 1085 4132 uoce
1102 4078 1255 4146 Στεφανο-

224 4162 323 4232 μύτων
349 4160 424 4215 addit
448 4167 495 4214 acl
518 4155 634 4225 ποιῶύη.
679 4156 734 4210 Gir.
756 4155 822 4212 (lato
847 4160 879 4214 de
897 4159 928 4215 R.
948 4158 978 4214 R.
998 4174 1020 4215 ο.
1038 4166 1065 4228 8,
1085 4167 1127 4224 2.,
1151 4157 1255 4216 Plinius

132 4242 135 4247 '
225 4247 298 4315 xxi,
317 4255 341 4313 1,
362 4255 387 4303 1.
407 4245 444 4298 lb.
467 4260 489 4301 o.
506 4248 533 4307 4,
554 4247 595 4299 ιο.
615 4255 637 4295 c.
655 4251 681 4309 7,
702 4246 744 4299 19.
763 4249 819 4309 ce,
837 4252 872 4303 27
890 4260 931 4316 sq.
950 4243 1158 4311 xxltaaae,
1179 4244 1253 4301 voss

224 4331 259 4385 at
275 4331 353 4401 Vlrg.
371 4326 418 4386 Ge.
435 4327 481 4396 lv,
501 4334 558 4387 118.
577 4342 601 4395 p.
619 4329 693 4393 768,
712 4324 837 4399 bottiger
854 4325 919 4382 Sah.
936 4326 964 4400 1,
982 4331 1043 4386 226.
1061 4328 1122 4386 245.
