2768 4838
1170 235 1213 299 97

85 425 160 490 569.
181 426 278 490 Trist.
301 426 362 506 iv,
389 424 444 504 10,
463 424 541 490 1128.
564 428 631 500 Ana.
646 427 690 508 i,
717 427 773 509 15,
799 426 860 493 382
890 431 949 508 „in
967 430 1042 490 toto
1065 424 1211 506 plurimus

87 530 160 593 orbe
188 530 309 607 iegar“⁸
353 530 393 600 iit
419 531 464 592 sic
494 529 669 611 „plurimus
700 533 730 592 in
759 531 937 594 honore“
964 527 1059 613 [quae
1082 526 1209 590 Ouden-

86 633 183 712 dorpii
218 635 251 696 et
279 628 480 709 Guuinghami
517 633 685 695 emendatio
719 638 787 712 est,
824 635 954 714 probata
980 626 1209 709 Peerlkampio)

86 733 205 795 Graece
227 751 301 794 saue
322 737 408 814 esset
430 739 575 806 πλεῖστος
598 733 640 798 ὢν
661 735 694 800 ἐν
714 738 758 822 τῷ
778 735 912 821 tautam:
932 735 987 796 sed
1008 737 1072 798 stat
1085 732 1207 812 antiqua

84 837 188 916 lectio,
214 835 397 916 videturque
420 835 566 897 Horatius
588 838 774 917 praetulisse
798 838 983 902 Graecorum
1006 835 1168 913 imaginem
1189 851 1208 894 a
1231 914 1234 919 ἦ

85 939 201 1000 iiunainc
224 938 360 1016 ductam,
382 956 469 1018 quam
495 941 527 1002 et
545 937 616 999 alibi
636 942 761 1002 secutus
781 945 841 1003 est.
883 940 985 1020 Eurip.
1007 938 1104 1018 Hipp.
1123 931 1206 999 443:

86 1037 208 1123 Κύπρις
225 1034 288 1121 γάρ
307 1034 346 1102 οὗ
367 1033 513 1122 φορητόν,
534 1036 713 1118 iunctio)
738 1039 776 1124 (i.
800 1060 829 1104 c.
852 1043 961 1122 multa,
992 1042 1073 1119 tota,
1101 1033 1208 1123 nimia)

85 1141 171 1229 ῥυῇ,
192 1161 237 1204 sc.
258 1140 289 1214 ἐς
309 1144 431 1224 βροτῶν
451 1142 559 1222 uiuos:
573 1145 670 1205 cuius
694 1162 805 1206 vorsus
827 1136 942 1207 me'mor
960 1143 1106 1206 Horatius
1126 1141 1207 1218 scri-

84 1241 430 1328 psrtc.i,19,9:„rn
456 1261 508 1305 me
531 1249 616 1309 tota
637 1234 939 1310 ruensVeuns“.
958 1241 1207 1324 Pseudophocyi.

84 1347 229 1424 meguu-
255 1344 326 1408 192.
351 1345 499 1424 Bergk:
529 1349 616 1424 Muri’
642 1347 801 1432 ἐςιέρωια
824 1344 968 1430 γυναικὸς
989 1346 1090 1420 ἅπας
1122 1340 1209 1427 cieri?

82 1471 154 1537 uus
175 1445 355 1520 ἀκάθεκτος.
385 1449 440 1512 Sic
460 1466 552 1530 porro
575 1450 614 1511 de
638 1449 695 1512 hac
716 1453 853 1532 ipsane,
875 1443 913 1513 de
929 1471 987 1534 qua
1009 1451 1123 1527 agitur,
1147 1470 1207 1510 πο-

84 1552 136 1626 λύς
158 1548 234 1634 otro:
257 1549 422 1613 Demosth..
440 1551 478 1612 de
496 1549 568 1614 Cor.
591 1573 620 1633 p.
638 1553 712 1615 979.
732 1554 780 1634 Β,
802 1554 853 1615 ubi
877 1556 980 1617 orator
993 1552 1125 1634 Philippi
1138 1550 1204 1631 uy-

84 1654 156 1716 thon
177 1653 362 1732 Byzantius,
395 1652 444 1714 cui
469 1652 556 1714 solus
581 1654 707 1717 Athenis
730 1655 854 1737 obloqui
874 1660 998 1736 poterat
1017 1653 1205 1718 Demosthe-

82 1775 156 1835 nes‚
180 1749 415 1836 θρασυνόμενος
438 1757 495 1819 καὶ
515 1751 636 1829 notia
658 1753 756 1840 ῥέων
778 1756 896 1818 dixisse
917 1757 1041 1837 dicitur,
1065 1757 1124 1819 hoc
1146 1759 1209 1835 est,¹

84 1858 225 1921 multus
248 1857 392 1934 fluens,
417 1859 451 1916 ut
473 1857 541 1935 ipre
566 1857 710 1918 Horatius
734 1859 802 1920 Sat.
823 1857 848 1937 i,
871 1856 905 1937 7,
926 1857 979 1923 98.
1000 1856 1207 1942 (molienti.)

82 1962 191 2025 Latine
211 1959 351 2021 reddidit.
392 1957 480 2040 Quod
501 1958 596 2035 igitur
619 1959 734 2021 Noster
753 1958 784 2020 h.
806 1959 998 2040 inovavit,
1031 1959 1088 2023 hoc
1119 1977 1206 2019 unum

81 2068 150 2144 est,
182 2063 264 2145 quod
285 2079 341 2142 pro
365 2078 419 2138 eo,
451 2058 531 2140 quod
554 2064 603 2123 est
631 2061 803 2142 ‚uplurimus
826 2063 959 2143 fluens“,
987 2063 1125 2125 breviter
1147 2060 1205 2122 ad-

82 2166 200 2228 modum
227 2182 263 2226 ao
281 2161 460 2242 simpliciter
481 2160 606 2242 scripsit
634 2164 822 2244 plurimus
851 2166 881 2226 in
899 2165 1021 2228 iunonis
1051 2164 1204 2240 honorem,

83 2266 211 2330 utalias
235 2264 344 2328 Graeci
362 2260 537 2336 δεινότατος
557 2263 588 2337 ἐς
608 2265 727 2346 (Ennio.
750 2267 847 2329 Andr.
867 2267 965 2346 159„
985 2287 1041 2331 nec
1062 2268 1205 2330 dubitan-

83 2371 170 2451 dum,
199 2370 268 2451 quin
297 2369 326 2428 in
353 2383 389 2426 ea
418 2381 539 2446 quoque
570 2384 604 2428 re
634 2367 765 2432 feliciter
792 2370 894 2433 audax
921 2371 1028 2432 tuerit:
1063 2376 1208 2443 πλεῖστος

84 2469 167 2555 ῥυεὶς
188 2469 219 2545 ἒς
242 2462 353 2542 κλυτὰς
375 2461 465 2549 ιιμᾶς
493 2485 520 2528 s·
543 2466 575 2542 ἐς
604 2470 749 2543 ἐπαίνους
776 2469 822 2554 (in
842 2471 1003 2551 honorem,
1033 2472 1097 2534 vid.
1121 2469 1160 2535 G.
1182 2471 1207 2550 i,

83 2573 138 2655 96,
164 2572 220 2653 16)
243 2571 366 2656 Ἥρας,
398 2568 461 2632 w'er
482 2568 546 2632 sich
571 2571 624 2631 nait
647 2571 830 2651 machtigem
853 2574 1015 2636 Rodetioss
1037 2573 1209 2636 verbreitct

82 2677 158 2738 iiber
189 2674 247 2735 deu
270 2672 456 2754 Ehrenpreis
479 2673 533 2734 der
554 2671 653 2750 Juno‚
685 2673 754 2752 vei,
786 2677 819 2736 ut
843 2665 1058 2754 Bernhardyus
1082 2674 1207 2754 mavult,

83 2795 180 2860 „wer
199 2779 253 2837 auf
271 2776 325 2837 der
345 2775 422 2836 Jnno
446 2772 542 2844 Ruhm
563 2775 648 2834 seine
671 2773 762 2838 Krait
780 2775 901 2839 setut“.

188 2877 348 2958 Reliquum
371 2880 437 2954 est,
460 2878 494 2937 ut
516 2872 704 2938 ‹ie-Graecis
724 2879 843 2958 poetis,
867 2879 918 2961 qui
940 2878 1069 2940 Horatio
1091 2876 1208 2938 obuer-

84 2981 144 3041 sati
167 2981 243 3060 siut,
267 2980 374 3060 puncto
396 2978 552 3051 dicendum
576 2978 738 3043 videaturae
771 2979 955 3065 Quamquam
977 2981 1054 3041 enim
1076 2980 1114 3041 de
1137 2997 1208 3042 cer-

83 3083 124 3145 tis
157 3081 335 3145 carminibus
363 3083 393 3143 in
429 3070 615 3142 Athenarum
638 3086 670 3144 et
699 3064 857 3162 Argorum
885 3083 1003 3144 laudem
1034 3082 1210 3165 compositis

84 3182 155 3246 nihil
180 3186 237 3247 iam
260 3188 377 3258 restat3
411 3182 612 3245 nobilissimas
640 3181 739 3247 tamen
765 3185 914 3249 Graeciae
938 3186 1030 3247 urbes
1055 3205 1128 3247 suos
1150 3202 1210 3246 na·

85 3288 151 3349 ctas
172 3304 243 3348 esse
262 3286 492 3349 laudatores-
508 3287 577 3347 sive
601 3283 739 3368 ἐγκώμια
760 3305 860 3349 earum
882 3290 1126 3368 composuerunt,
1142 3287 1210 3348 sire

84 3387 119 3454 ta
138 3386 267 3475 παρόδῳ
290 3408 391 3452 earum
414 3389 625 3468 incurrerunt,
657 3394 691 3451 ut
714 3388 876 3454 Choerilus
904 3389 933 3449 iu
954 3389 1090 3452 Persicis
1118 3419 1157 3433 -
1179 3390 1213 3448 et

84 3493 161 3553 satis
183 3493 328 3556 credibile
352 3493 418 3567 est,
438 3493 471 3551 et
490 3487 629 3552 Athenas
651 3493 736 3552 certe
757 3509 775 3552 a
796 3489 1115 3571 poetispopuiaribus
1135 3505 1211 3550 can-

86 3595 169 3656 tatas
191 3610 262 3653 esse
280 3594 429 3655 testantur
451 3589 630 3653 Athenaeus
653 3591 708 3667 vi,
732 3593 865 3665 9996.
886 3596 918 3657 et
939 3590 1087 3653 Pindarus
1110 3591 1148 3653 it.
1158 3586 1212 3659 46.

85 3693 142 3756 Βιε
167 3693 216 3757 Ai
238 3716 270 3757 τε
290 3695 420 3774 λιπαραὶ
438 3695 491 3757 καὶ
511 3689 581 3757 οἷοί
585 3696 622 3757 δι
628 3717 713 3774 μοι,
728 3690 878 3769 Ἑλλάδος
898 3691 1042 3777 ἔρεισμα,
1071 3688 1215 3770 Ἀθῆναι,

85 3796 116 3857 Ιι.
139 3796 161 3856 i.
190 3796 232 3859 ut
264 3793 443 3879 splendidae
475 3797 508 3857 et
539 3798 684 3858 carmine:
695 3794 853 3878 celebres,
889 3797 1038 3862 Graeciae
1066 3779 1213 3872 colonen,

85 3895 238 3960 Athenae.
944 3967 953 3981 f

189 4020 221 4063 v.
246 3999 267 4064 9
288 4018 334 4082 sq.
379 4000 544 4082 Argoa-
570 3999 723 4081 Mycenas
738 4033 781 4048 -
804 4001 1035 4080 Lacedaemon]
1060 4001 1125 4060 Has
1148 4001 1215 4079 ipsa

86 4102 159 4164 iuno
185 4096 397 4165 commemorat
428 4102 508 4184 apud
540 4103 743 4166 Homerum
772 4105 864 4167 urbes
895 4102 953 4165 sibi
982 4101 1152 4166 carissimas
1181 4103 1213 4161 et

87 4208 229 4288 tanquam
252 4204 494 4286 domicilium,
519 4204 554 4268 ΙΙ.
577 4205 632 4285 iV,
655 4204 717 4270 512
