2768 4838
1216 252 1260 319 43

132 432 330 512 „llesiodos,
357 434 408 512 ait,
436 453 588 497 venereae
610 435 779 515 voluptatis
801 435 902 499 decem
918 441 1023 519 partes
1036 439 1153 519 statuit,
1178 459 1257 522 qua-

132 552 194 594 rum
219 552 305 596 uuam
337 539 497 617 percipere
522 535 649 617 marem,
685 555 787 600 omncs
816 539 919 601 decem
951 541 1079 620 explere
1107 543 1256 605 feminam.

131 637 280 715 Apertum
301 639 397 715 igitur
419 646 478 719 est,
502 640 606 702 oscula
623 639 681 702 illa
699 640 816 702 duabus
829 639 867 700 de
888 639 993 705 decem
1014 661 1166 706 venereae
1180 663 1256 706 sua-

131 740 236 799 vitatis
257 741 395 819 partibus
418 744 488 804 sive
511 743 646 824 quinta
669 746 784 820 parte
815 742 926 804 imbuta
948 744 1017 804 dici.
1060 745 1256 810 Decuma-

130 858 202 902 nus
226 847 324 903 autem
346 862 536 905 numerus.
551 845 640 906 ctiam
663 845 692 904 in
714 844 918 925 descriptione
939 845 1060 907 aliarum
1069 851 1256 911 'suavitatum

129 945 225 1006 locum
248 944 350 1007 habet.
394 946 505 1025 llrycus
529 965 579 1024 ap.
603 945 718 1007 Athen.
740 947 771 1008 2.
792 965 824 1027 p.
840 945 896 1026 39,
917 948 955 1008 br
981 941 1015 1011 τὸ
1036 952 1106 1027 μέλι
1130 947 1257 1016 divam

127 1040 205 1109 εἶναι
226 1050 322 1126 μέρος
343 1052 397 1124 τῆς
416 1045 596 1130 ἄμβροσίας
620 1042 673 1123 τήν
697 1043 826 1124 ἡδονήν,
849 1050 900 1110 ubi
921 1049 1027 1112 Selnol.
1051 1051 1139 1112 Pind.
1162 1031 1255 1132 Pylii.
1331 1067 1332 1071 ’

129 1147 173 1212 θ’.
200 1150 269 1213 113.
293 1153 421 1214 δέκατον
444 1151 632 1213 scribendum
659 1147 829 1232 docet.“¹)
882 1152 972 1215 llrrat
993 1152 1197 1234 llleineclrius,
1229 1157 1256 1215 si

130 1253 200 1333 quid
226 1254 336 1334 video,
365 1253 420 1313 sed
450 1253 492 1314 ita
514 1253 598 1312 errat
618 1253 650 1312 nt
673 1251 731 1311 viri
763 1254 905 1314 accurate
927 1253 1007 1340 docti
1029 1272 1132 1317 errare
1157 1257 1258 1321 solent
1277 1282 1279 1287 ·

128 1373 186 1416 non
215 1358 281 1416 sine
304 1374 417 1433 magno
446 1354 484 1415 ad
514 1356 580 1415 veri
612 1353 816 1430 cognitionem
849 1342 986 1434 proiectu
1018 1361 1110 1438 atque
1133 1359 1255 1420 emolu-

127 1460 237 1519 mento.
289 1458 365 1519 Nam
396 1456 541 1538 siquidem
574 1458 705 1538 quintam
736 1459 854 1535 partem
887 1457 1019 1518 nectaris
1043 1457 1174 1520 Venerei
1198 1478 1256 1523 non

128 1559 166 1620 ad
188 1560 307 1622 solitam
330 1559 584 1640 comparationem
607 1558 721 1637 melliS,
752 1557 833 1639 quod
862 1560 987 1620 veteres
1014 1559 1157 1623 decimam
1179 1581 1255 1643 par·
1370 1607 1375 1618 .

128 1665 185 1720 tem
210 1664 341 1722 nectaris
364 1661 492 1743 explere
516 1664 655 1723 statuunt
676 1661 835 1742 ipsumque
856 1662 1003 1723 interdum
1025 1666 1132 1725 nectar
1148 1662 1255 1745 appel-

127 1763 190 1823 lare
212 1758 368 1851 solent²t,
393 1783 450 1826 non
471 1763 510 1825 ad
535 1780 717 1844 purpureum
742 1763 804 1823 oris
827 1761 971 1842 colorem,
995 1765 1093 1844 qualis
1115 1768 1165 1827 est
1185 1765 1250 1826 Au-

127 1867 211 1941 gusti
238 1884 292 1927 ore
323 1885 478 1946 purpureo
512 1869 617 1927 nectar
641 1863 773 1926 bibentis
804 1862 858 1941 (C.
886 1863 950 1942 lll,
979 1863 1010 1944 3,
1036 1863 1115 1944 ἢ),
1137 1883 1196 1926 non
1218 1867 1257 1928 ad

126 1967 215 2027 ullam
238 1967 326 2028 aliam
348 1986 411 2028 rem
434 1968 542 2028 referri
562 1966 629 2026 vult
651 1983 738 2046 quam
753 1963 797 2025 ad
822 1967 974 2046 proprium
995 1967 1072 2027 deae
1084 1984 1199 2046 munus,
1218 1967 1258 2027 ad

127 2069 316 2149 voluptatem
333 2087 507 2148 veneream,
531 2085 609 2150 quae
633 2066 738 2127 inillis
761 2067 874 2129 osculis
896 2069 968 2131 insit
988 2069 1060 2130 mari
1081 2068 1257 2149 percipien-

127 2170 182 2249 da,
213 2188 339 2252 eamque
367 2172 460 2253 duplo
484 2173 625 2234 maiorem
655 2187 741 2250 qnam
772 2185 849 2251 quae
875 2170 913 2231 ab
938 2167 1005 2239 aliis
1027 2169 1137 2250 puellis
1161 2169 1256 2232 alier-

95 2273 150 2331 .ri
180 2274 296 2351 possit,
330 2276 401 2353 quia
436 2275 488 2336 illa
525 2272 630 2353 oscula
669 2289 726 2332 uon
766 2270 881 2332 decima
916 2270 1005 2351 pario
1038 2273 1171 2334 nectaris
1199 2273 1256 2334 sed
1328 2265 1334 2273 ’

126 2374 242 2435 duabus
261 2375 383 2439 decimis
399 2377 536 2457 partibus
558 2377 578 2435 i.
596 2391 625 2434 c.
640 2375 778 2456 quinta
800 2378 920 2454 parte
942 2375 1053 2436 imbuta
1073 2376 1150 2437 sint:
1165 2395 1255 2439 cras-

125 2479 225 2553 siore,
255 2482 286 2538 ut
311 2481 434 2559 opinor,
457 2477 548 2538 illusa
569 2477 671 2539 locum·
686 2475 898 2538 suavissimum
919 2476 1047 2557 ipsoque
1065 2479 1189 2540 nectare
1202 2481 1254 2539 te-

125 2579 257 2640 nuiorem
281 2581 518 2663 interpretatur3
539 2579 594 2640 sed
618 2579 646 2638 in
671 2595 793 2638 numero
817 2580 917 2640 tamen
940 2585 1052 2639 rectum
1076 2578 1162 2641 vidit.
1189 2578 1254 2641 Pa-

125 2681 259 2762 riterque
281 2686 383 2754 errant
404 2682 441 2756 ii,
473 2683 522 2761 qui
548 2679 654 2740 oscula
676 2678 854 2757 simpliciter
878 2698 942 2740 oum
967 2680 1056 2740 melle
1081 2684 1255 2760 comparata

125 2780 242 2858 volunt,
268 2783 415 2863 quamde
439 2781 507 2841 sola
527 2780 648 2857 saporis
670 2778 827 2841 dulcedine
848 2781 1008 2858 cogitant,
1042 2784 1127 2862 quasi
1150 2782 1253 2843 Hora-

125 2885 185 2945 tios
206 2884 253 2943 bis
274 2883 387 2945 mellita
409 2883 517 2943 suavia
538 2881 669 2941 dixerit:
701 2881 734 2940 ut
755 2879 898 2960 στόματα
924 2886 1093 2963 praetori
1111 2886 1143 2945 et
1162 2883 1254 2946 inulta

126 2983 235 3044 similia
259 2984 286 3042 in
311 2983 435 3073 rintlrol.
460 2984 514 3046 Gr.
536 2983 697 3062 leguntur,
731 3001 809 3065 quae
832 2982 1087 3046 lllitsclncrlielrius
1115 2984 1253 3063 collegit.

124 3086 270 3148 Horatios
294 3105 369 3150 vero
390 3107 447 3150 nec
469 3089 565 3168 ipsam
589 3104 741 3166 venerem,
764 3106 820 3150 nec
842 3087 983 3148 mellitam
1006 3092 1140 3148 naturam
1159 3106 1253 3150 oseu-

122 3188 217 3249 lorum
244 3189 429 3273 linguaeque
454 3190 592 3253 iudicium
617 3190 791 3270 spectavit,
812 3189 870 3250 sed
891 3193 923 3252 et
943 3189 1111 3268 legitimum
1132 3191 1161 3250 in
1183 3190 1253 3252 talis

123 3293 285 3354 suavitatis
308 3311 425 3371 genere
455 3290 636 3354 declarando
662 3309 812 3364 numerum
836 3292 978 3370 respexit
1006 3310 1061 3352 suo
1087 3291 1191 3369 modo,
1221 3296 1253 3354 et

124 3396 256 3454 nectaris
281 3397 350 3456 sive
375 3396 472 3455 inanis
491 3392 587 3454 anellis
608 3393 759 3472 purissimi
782 3411 819 3454 ac
838 3392 1003 3455 tenuissimi
1024 3393 1157 3468 imagine
1179 3411 1252 3452 rasus

125 3499 174 3555 est
198 3496 236 3555 ad
259 3494 521 3577 incomparabilem
551 3493 699 3576 quandam
713 3490 839 3569 Lydiae
861 3490 1109 3571 pulchritudinem
1130 3491 1252 3566 signifi·

125 3596 264 3657 eandam.
309 3596 384 3656 Nam
411 3611 501 3676 quum
533 3595 562 3653 in
594 3593 717 3652 aliarum
750 3590 935 3672 puellarum,
965 3593 992 3651 si
1021 3590 1108 3653 modo
1141 3609 1252 3655 arrreae

126 3698 256 3760 Veneris
279 3715 404 3759 munera
427 3697 754 3775 consecutaeessent,
784 3697 947 3756 venustate
976 3693 1173 3756 describenda
1200 3695 1251 3757 vel
1332 3750 1335 3755 .

177 3969 206 4037 r)
225 3970 315 4024 Verba
333 3965 502 4020 Scholiastae
520 3979 563 4034 ap,
580 3962 696 4019 Boocllr.
718 3981 743 4034 p.
762 3968 814 4022 405
833 3965 900 4018 hoco
915 3968 994 4016 sunt:
1021 3962 1078 4015 ἔστι
1095 3961 1123 4016 δὲ
1141 3967 1251 4016 καὶτοῦ

227 4054 337 4122 pilosos
355 4046 461 4120 εὑρετής
482 4046 497 4103 ὁ
516 4045 681 4117 Ἀρισταῖος,
702 4043 716 4103 ὃ
735 4049 768 4117 δὴ
788 4049 847 4118 τῆς
867 4046 1078 4102 ἀθανασίας
1099 4043 1251 4099 δέκατον

227 4141 332 4208 μέρος
350 4132 483 4203 ᾠήθησαν
499 4132 577 4186 εἶναι.

174 4239 205 4305 t')
223 4234 289 4290 Vide
308 4233 431 4302 Unger.
455 4236 481 4286 in
502 4232 579 4301 Valg.
605 4249 630 4301 p.
650 4236 691 4288 58.
718 4248 742 4301 p.
764 4237 816 4290 2³9
836 4247 876 4307 sq:
897 4229 1105 4296 Hertzbcrg.
1125 4229 1152 4281 in
1172 4225 1249 4298 Prop.

229 4319 272 4385 lv,
292 4326 318 4383 6,
335 4326 360 4375 8.
381 4336 406 4387 p.
427 4322 486 4377 dod.
