2768 4838
120 211 183 280 186

123 402 213 468 mium
231 398 348 461 breves
378 395 470 457 dores
501 411 646 456 amoenae
667 396 777 458 rusae‘
805 399 958 480 conviviis
981 402 1082 464 tamen
1109 404 1159 468 ita
1182 405 1265 470 inere

121 504 256 590 proprii,
283 501 317 562 ut
344 516 440 580 saepe
468 515 540 562 rosa
562 495 709 579 pr'o'ipsa
732 501 946 564 comissatione
976 505 1109 588 eiusque
1135 509 1264 590 taetitia,

125 689 328 707 ...anu-⁹¹·-

225 804 319 860 Rosa
352 801 550 855 oentiiolia
571 799 619 867 L„
660 802 719 857 dem
750 801 859 856 kieineu
895 801 1073 874 Liebesgotte
1106 811 1263 879 gewidoret,

224 904 303 945 wenu
320 886 410 967 gleieh
426 902 458 941 so
475 888 544 942 rieie
561 884 667 941 Ardere
686 885 813 956 [Pansae.
832 886 875 952 vl,
894 890 937 953 nt,
956 895 990 956 5.,
1010 891 1064 945 lae.
1085 891 1206 949 Anthoi.
1221 893 1262 952 Gr.

131 964 134 971 ’
221 971 365 1037 V1‚4t2.‚
391 970 492 1028 Aeson.
514 971 551 1025 ld.
574 975 620 1037 14,
648 979 695 1041 18„
709 971 769 1042 aiii]
787 975 827 1026 sie
844 972 934 1028 seiner
949 973 1051 1030 Mutter
1069 978 1261 1036 zuselrreiben.

225 1060 299 1120 Aber
317 1056 391 1111 nieht
405 1073 456 1110 nur
474 1055 622 1125 Aphrodite
639 1056 692 1110 und
705 1054 789 1120 Eros,
809 1059 927 1113 sondern
946 1059 1016 1114 noeir
1029 1063 1149 1119 mancine
1163 1068 1261 1121 andere

204 1143 380 1200 *Gottireiterr
405 1140 529 1195 hominen
555 1145 602 1196 mit
628 1141 718 1197 Rosen
739 1141 871 1197 bekruinzt
895 1158 961 1206 ror,
991 1147 1200 1206 imbesondere
1221 1151 1261 1207 die

226 1227 359 1294 Grazien,
382 1228 422 1282 als
442 1226 623 1282 Dieneriuuen
642 1226 689 1280 der
708 1227 806 1281 Venus.
842 1226 917 1281 eiuoir
934 1227 1007 1282 Hebe
1025 1231 1095 1285 oder
1114 1231 1258 1300 tarentas,

224 1316 268 1371 die
287 1312 380 1369 Gottin
399 1312 448 1367 der
467 1311 587 1382 Jugeud,
617 1311 660 1364 die
679 1307 892 1365 Mundeohenirin
911 1313 959 1366 der
978 1311 1091 1380 Gotter,
1116 1319 1194 1375 wird
1216 1323 1260 1374 mit

223 1399 313 1455 Rosen
329 1402 433 1468 geziert
451 1396 625 1468 dargesteiit‚
645 1394 717 1450 nieht
735 1389 837 1449 minden
850 1393 1030 1466 Ganymedes,
1050 1401 1111 1455 dem
1128 1404 1257 1460 daseeibe

223 1483 283 1538 Amt
302 1486 336 1536 im
355 1481 449 1552 Oiynrp
469 1483 566 1552 oblag,
594 1477 647 1531 und
665 1477 762 1545 Erato,
790 1478 834 1534 die
851 1478 932 1534 Mure
959 1481 1006 1536 der
1024 1487 1188 1549 erotiseiren
1209 1486 1258 1543 Ge·

222 1572 324 1637 sange,
350 1570 433 1620 sowie
457 1565 516 1619 ihre
543 1571 661 1618 muniere
687 1564 838 1620 Sehwester
861 1564 968 1619 Thalia.
1004 1565 1097 1623 Seibst
1116 1569 1256 1643 Dionysos

222 1654 323 1709 kommt
340 1650 481 1706 bisweiieu
500 1652 546 1703 mit
563 1648 774 1705 Rosenlurinzen
799 1643 956 1707 ammunden
976 1656 1059 1707 ror.“
1077 1683 1114 1696 -
1152 1656 1257 1714 Nomen

222 1739 330 1793 duxisse
347 1737 454 1791 ridetur
471 1751 536 1789 rosa
556 1749 573 1787 a
590 1733 738 1789 rubicundo
749 1735 939 1792 eoloredoris.
975 1737 1174 1797 Wittsteiu
1192 1742 1255 1798 Len.

222 1821 382 1894 etym-bot.
406 1834 427 1874 s.
446 1836 484 1874 r.:
513 1816 645 1884 „Pedem
672 1835 733 1875 rom
751 1817 895 1874 eetttseiren
920 1819 1030 1876 rirodd
1049 1824 1118 1880 oder
1140 1827 1256 1883 rhadd

221 1906 328 1979 (roth),
354 1903 397 1958 die
416 1901 504 1957 Farbe
523 1902 571 1956 der
588 1901 698 1958 Biumen
717 1903 903 1959 andeutend.“
939 1906 1040 1978 Nempe
1060 1909 1135 1979 apud
1163 1928 1255 1967 omnes

220 1992 310 2065 gentis
335 1989 484 2044 Caucasiae
516 1987 631 2057 populos
656 1988 734 2043 radix
763 1991 878 2044 numinis
904 1993 1039 2061 signifieat
1066 1995 1184 2051 ruber
1215 1998 1256 2053 rei

220 2091 346 2134 russas
369 2075 401 2144 (a
427 2090 480 2146 quo
497 2073 622 2126 Latinum
645 2088 742 2152 nomen
768 2072 873 2128 derivat
897 2074 1059 2132 Doederlein
1088 2062 1213 2149 Etymolss
1229 2088 1256 2138 et

219 2166 320 2236 Synon.
340 2160 416 2214 Tum.
435 2158 478 2215 vl.
496 2175 522 2228 p.
541 2159 632 2224 307.);
649 2157 697 2212 sed
716 2159 827 2213 maxime
842 2169 955 2230 apparet
973 2165 1123 2232 originatio
1144 2166 1177 2219 iu
1193 2165 1254 2220 (iel.

219 2253 273 2303 tieo
292 2245 341 2299 ilio
366 2249 392 2297 et
412 2240 517 2296 Graeoo
544 2244 659 2296 nomine.
705 2242 828 2299 Ceterum
845 2259 959 2300 nasoens
977 2261 1042 2301 rosa
1060 2246 1133 2316 apud
1154 2257 1254 2319 poetas

220 2337 328 2387 veteres
347 2342 401 2380 non
420 2327 506 2380 solum
527 2327 652 2380 iuuentae
671 2341 704 2380 ao
721 2331 869 2382 venustatis
890 2330 1037 2385 sedetiam
1052 2335 1193 2388 eastitatis
1212 2340 1254 2389 est

219 2412 381 2488 symbolum,
405 2427 458 2482 quo
488 2411 600 2480 egregie
624 2426 688 2467 usus
707 2418 748 2466 eet
773 2413 893 2470 Catullus
913 2419 940 2470 in
960 2420 1167 2487 eomparatioue
1193 2422 1251 2489 ‚ip-

217 2507 306 2557 taetae
323 2495 454 2566 uirginis‘
473 2496 523 2559 62,
542 2497 593 2551 39:

325 2598 360 2650 Ut
377 2594 429 2660 ptos
446 2594 474 2645 io
492 2597 593 2662 saeptis
610 2603 730 2650 secretus
746 2599 868 2650 uoseitor
887 2599 981 2661 hortis,

316 2683 431 2749 Ipootos
447 2681 554 2746 pecori,
578 2682 653 2733 eollo
675 2689 799 2734 eoetosos
818 2691 922 2746 aratro,

320 2768 399 2830 Quem
418 2767 531 2817 mulcent
550 2782 650 2829 eorus,
671 2765 763 2829 firmet
779 2770 837 2831 sola
859 2770 952 2821 edocet
970 2762 1080 2830 tmoer,'

215 2874 283 2929 bene
310 2879 375 2921 rosa
403 2881 454 2934 pro
483 2862 655 2933 hyacinthino
685 2863 752 2918 flore
777 2868 901 2935 poetriae
926 2865 1041 2921 Lesbiae
1068 2864 1113 2920 Fr.
1139 2868 1194 2933 44,
1222 2875 1247 2923 7.

214 2952 339 3012 Sehneid.
365 2949 520 3004 substituta.
565 2947 710 3029 Praeterea
737 2965 804 3004 ross
829 2957 856 3005 et
873 2950 944 3021 apud
971 2955 1120 3021 seriptores
1137 2957 1248 3006 veteres

214 3049 241 3099 et
266 3044 295 3093 iu
322 3037 390 3090 artis
415 3034 514 3086 veteris
535 3032 662 3101 operibus
682 3047 764 3102 saepe
783 3038 883 3089 amoris
903 3038 1091 3106 amicitiaeque
1117 3041 1144 3089 et
1161 3037 1247 3090 uiuer-

211 3128 277 3180 tatis
302 3127 382 3190 atque
408 3115 590 3170 abundantiae
621 3123 648 3171 et
673 3116 794 3172 laetitiae
821 3134 854 3173 oe
877 3121 1026 3190 uoluptatis
1053 3124 1095 3173 est
1120 3121 1246 3188 signum

212 3211 343 3263 inuentum
360 3217 443 3265 uero,
469 3216 530 3253 nam
549 3204 629 3254 etiam
649 3197 751 3255 silentii
775 3206 818 3257 eit.
856 3201 976 3276 Namque
996 3204 1067 3275 quod
1087 3218 1159 3257 nuno
1176 3220 1245 3274 pro·
1271 3262 1275 3269 ,

211 3291 300 3347 verbii
317 3289 377 3343 ioeo
395 3286 447 3338 diei
467 3285 538 3338 solet
562 3283 625 3339 hoe
648 3286 711 3339 sub
732 3303 819 3343 rosa
839 3288 972 3361 dietum
992 3293 1047 3342 est
1065 3285 1169 3354 (ΝΜ
1192 3291 1244 3343 wir

210 3379 315 3442 hosen,
341 3372 422 3427 hleib’
444 3377 522 3424 unter
541 3370 589 3424 den
608 3369 723 3425 Rosen“
747 3371 896 3441 Agris),
923 3372 951 3427 id
969 3375 1130 3428 recentioris
1151 3376 1242 3444 origi-

209 3467 253 3519 nis
272 3476 332 3517 esse
350 3457 469 3522 ridetur,
489 3470 543 3508 non
559 3471 636 3510 seous
658 3469 736 3528 quam
755 3471 808 3528 quo
826 3459 922 3511 nititur
940 3460 1105 3527 epigramma
1125 3458 1193 3512 iliud
1214 3465 1242 3513 tn

206 3546 354 3604 Burmanni
371 3541 479 3597 Antinoi.
498 3539 558 3596 Lat.
575 3541 607 3606 V,
628 3549 685 3597 127.
705 3539 780 3596 Tem.
797 3540 830 3596 11.
849 3559 875 3612 p.
891 3547 958 3602 471,
969 3541 1054 3613 (apud
1070 3541 1241 3600 Wernsdori.

209 3633 285 3688 Poet.
304 3628 364 3683 Lat.
382 3626 498 3682 mian.
519 3625 562 3683 vi.
581 3625 609 3679 P.
628 3625 648 3679 1.
668 3626 802 3695 p.'182.):

276 3732 327 3782 Est
347 3727 482 3790 reseptos
505 3727 628 3786 Veneris,
651 3726 725 3775 arius
746 3739 796 3791 qao
816 3725 891 3790 forto
908 3726 1032 3786 detereret,

310 3814 478 3879 Harpoerots'
496 3813 591 3864 moine
609 3809 680 3859 dotto
697 3808 795 3860 dieovr't
813 3811 904 3863 Amor.
980 3826 984 3833 ·

277 3899 341 3950 iude
356 3914 448 3950 rosum
467 3897 564 3948 mensis
583 3894 677 3960 herpes
691 3895 831 3960 suspendit
849 3895 951 3954 amicta

309 3985 440 4035 Corruiuue
456 3989 484 4034 vt
500 3983 549 4033 eod
568 3995 600 4030 err
618 3979 691 4030 dieto
708 3979 823 4030 terendo
840 3980 936 4030 setrmt.

204 4081 244 4135 Ae
263 4096 295 4134 ue
324 4080 390 4134 itiud
417 4077 522 4150 quidem
540 4090 651 4146 usquam
675 4076 810 4146 proditum
826 4090 843 4129 a
860 4073 998 4131 ueteribus
1017 4072 1142 4142 reperio,
1163 4071 1238 4143 quod

203 4182 274 4219 nune
299 4181 351 4218 uuo
377 4177 461 4232 prope
488 4176 536 4215 ore
559 4176 651 4215 omnes
675 4161 814 4225 dimittunt,
845 4173 935 4212 rosam
959 4173 976 4211 a
1001 4158 1106 4212 Venere
1129 4162 1178 4209 aut
1201 4157 1239 4209 ab

203 4253 300 4304 Amore
326 4250 426 4304 silentii
450 4247 501 4301 deo
521 4262 581 4301 esse
600 4246 705 4311 datam,
732 4251 762 4299 ut
781 4247 839 4299 eius
857 4243 929 4297 turta
947 4249 1062 4313 tegeret.
1098 4241 1151 4294 Sed
1170 4241 1239 4295 noio

202 4337 353 4389 accuratius
377 4332 444 4387 haee
466 4333 608 4403 persequi,
634 4337 664 4385 ut
684 4344 753 4402 quae
769 4329 887 4385 fortasse
913 4325 1050 4383 minusad
1075 4340 1129 4380 reur
1148 4327 1266 4395 perti.
