2768 4838
190 264 251 327 112

270 473 302 514 v·
324 451 406 517 402:
455 485 496 496 -
540 535 543 540 .
581 487 620 496 —
711 483 750 494 --
805 445 884 514 τάδ’
905 449 1072 514 ἐπισκοπεῖ

428 548 507 628 Ζειῖς
527 547 747 636 ἑτερορρεπής,
775 548 1007 633 νέμων-εἷκό
1015 576 1088 625 τως

428 653 545 720 ἄδικα
565 660 637 736 μέν
658 664 817 732 κακοῖς,
837 653 909 717 ὅσια
929 653 1169 734 δ’ὲννόμοις.

85 834 92 841 ,
187 760 314 843 Addunt
335 753 768 841 ν..4261γνῶθιδ’ἷι’βριν
793 754 944 842 ἀνέρων

486 865 538 926 καὶ
560 859 693 944 φύλαξαι
714 858 816 925 κότον.

186 963 332 1045 Denique,
348 965 377 1025 in
401 962 477 1027 haec
498 964 595 1028 verha
618 965 830 1046 prorumpunt,
854 979 903 1023 rs.
925 957 1008 1022 433:

408 1061 500 1128 ’'luaa
521 1061 594 1146 yn'p,
616 1054 735 1130 maadi
755 1060 848 1127 τάδε
869 1065 934 1125 καὶ
955 1056 1097 1142 δόμοις

413 1164 542 1250 ὁπότερ’
563 1167 602 1232 ἂν
622 1172 739 1257 κτίσῃς,
764 1166 878 1248 μένει
900 1160 1153 1247 ἀποτίνειν)

411 1266 572 1350 ὁμοιΐαν
595 1272 725 1353 θέμιν.

392 1366 482 1434 ’τάδε
502 1368 620 1453 φράσαι
641 1376 777 1437 δίκαια
798 1365 948 1433 Διόθεν
969 1363 1105 1449 κράτη.

184 1514 205 1551 ,,
214 1471 300 1534 Scito
321 1472 414 1552 enim,
447 1475 489 1535 alt
510 1472 706 1554 Aeschylus,
735 1477 952 1552 utrumcunque
973 1469 1078 1532 horum
1100 1472 1312 1552 constitueris,

185 1573 257 1634 illud
282 1576 508 1637 contemnuere
529 1576 773 1659 fixumqueesse
794 1574 898 1636 liberis
921 1573 981 1636 tuis
1003 1574 1036 1635 el
1059 1572 1168 1652 domo,
1196 1580 1228 1636 ut
1243 1576 1310 1657 ,ipsi

184 1675 303 1738 dehilas
324 1678 408 1738 vices
429 1695 464 1740 ac
485 1697 600 1758 poenas
624 1679 769 1759 pendant.
813 1676 898 1738 Haec
921 1676 1017 1753 igitur
1040 1675 1117 1737 lusto
1139 1677 1228 1739 lovis
1249 1677 1309 1738 im-

183 1778 280 1859 peria,
304 1798 331 1840 s.
355 1779 462 1842 iustam
487 1781 653 1843 divinarum
676 1781 780 1860 legum
803 1779 988 1862 potentiam,
1017 1778 1309 1858 diligenter'consi-

185 1879 259 1942 dera
281 1884 313 1943 et
334 1882 534 1962 perpende.“
1149 1955 1152 1960 ¹

284 1982 370 2047 Haec
397 1986 453 2046 iam
485 1982 675 2051 Abreschios
704 1989 736 2048 et
757 1982 1016 2064 lilitscherliqhius
1047 2001 1112 2045 cum
1135 1981 1310 2044 Horatianis

183 2092 426 2166 composuerunt.
477 2090 527 2153 Ao
555 2089 657 2151 mirum
685 2089 717 2149 in
746 2088 862 2150 modum
892 2086 1073 2171 non'solum
1101 2082 1188 2145 holos
1213 2084 1309 2146 verba

182 2188 353 2269 „Debita
373 2191 457 2253 iura
478 2193 668 2273 vicesque
692 2192 887 2270 superbae
906 2192 946 2252 te
969 2190 1143 2253 maneant
1164 2185 1309 2266 ipsum“

183 2295 243 2354 etc.
266 2309 331 2354 oum
348 2291 497 2373 Aeschyli
516 2294 620 2356 verhls
642 2293 842 2373 consentiunt,
866 2291 921 2353 sed
944 2290 1096 2354 sententia
1111 2289 1201 2351 etium
1218 2286 1308 2369 plane

182 2390 287 2454 e'adem
309 2394 376 2473 est,
400 2412 488 2476 quum
509 2400 637 2475 uterque
658 2396 751 2474 poeta
775 2394 874 2468 iustas
894 2376 1101 2474 illaspoenns
1123 2390 1207 2455 dicat
1229 2409 1307 2473 quac

182 2492 325 2557 maleficis
348 2499 402 2560 aut
422 2498 521 2579 impiis
543 2495 687 2579 divinitus
708 2498 892 2560 constitutae
915 2498 987 2563 sint.
1039 2493 1170 2557 hiesdem
1192 2495 1307 2555 uices

181 2597 326 2661 Horatius
346 2598 492 2681 appellat,
514 2599 650 2681 quonlam
666 2599 695 2659 io
708 2580 878 2662 sceleratos
894 2601 1093 2678 regeruntur.
1114 2596 1194 2659 Vide
1206 2595 1307 2659 Beutl.

180 2698 219 2762 ad
241 2701 340 2784 lipod.
361 2702 407 2784 V,'
432 2700 486 2766 87.
538 2701 669 2766 Accedit
698 2702 794 2783 quod
812 2703 959 2768 Horatius
990 2720 1029 2765 ea
1056 2717 1133 2782 quae
1164 2699 1307 2779 deinceps

162 2800 324 2883 ‘leguntur
344 2806 425 2888 apud
449 2804 636 2886 Aeschylum
661 2825 709 2867 vs.
730 2802 798 2869 438
810 2842 851 2852 -
866 2805 944 2870 441.
975 2806 1005 2867 in
1027 2803 1128 2868 Carnu.
1149 2801 1180 2886 1,,
1199 2800 1252 2883 35,
1275 2823 1307 2865 v.

182 2906 302 2990 llsqq.
326 2908 467 2971 imitando
492 2909 691 2991 expressisse
711 2909 841 2983 videtur.
884 2911 1024 2991 Denique
1044 2909 1089 2970 sie
1112 2905 1306 2970 statuendum

178 3012 289 3070 censeo
317 3000 474 3072 Horatium
510 3014 604 3072 lotum
637 3011 735 3074 locum
762 3015 870 3094 parlim
899 3030 941 3074 ex
970 3010 1094 3074 Homeri
1120 3009 1229 3090 parlim
1266 3026 1307 3071 ex

179 3108 328 3190 Aeschyli
349 3111 417 3174 loco
433 3106 525 3175 citato
546 3115 769 3194 composuisse.
812 3115 929 3179 Etenim
953 3132 1049 3195 saepe
1070 3113 1155 3192 iecit,
1178 3111 1209 3172 id
1225 3111 1307 3193 quod

178 3211 337 3274 imitatoris
368 3217 434 3293 ert,
470 3217 504 3276 ut
542 3215 596 3295 vel
628 3216 686 3277 duo
716 3218 882 3297 proverbia
910 3216 963 3279 vel
994 3216 1116 3279 duorum
1147 3219 1304 3277 auctorum

179 3313 260 3376 diota
286 3314 316 3374 lu
335 3317 429 3374 'uuum
458 3315 614 3383 condonet.
664 3318 706 3383 Ut
734 3316 883 3384 hocloco
913 3319 973 3402 duo
996 3317 1139 3401 exempla
1161 3321 1303 3399 tanquam

176 3417 299 3501 species
319 3417 491 3480 sublicium:
514 3420 583 3482 Sata
605 3417 632 3500 l,
653 3420 686 3503 9,
712 3420 772 3484 20:

218 3520 394 3590 Hemitto
419 3522 643 3606 auriculas,
673 3528 716 3590 ut
738 3525 901 3606 iniquae
923 3525 1066 3591 mentis
1094 3521 1259 3601 asellos,

218 3625 335 3712 Quum
358 3627 534 3703 grauius
556 3626 675 3691 dorso
702 3628 829 3690 subiit
851 3644 958 3688 onos.
1155 3624 1160 3629 ’

177 3743 220 3793 ex
242 3727 387 3788 oomuuuni
416 3726 603 3792 Graecorum
619 3731 800 3814 proverbio
831 3723 870 3793 rol
901 3722 966 3795 ὦτα
985 3725 1068 3793 udam
1097 3733 1203 3809 βαλεῖν
1234 3726 1304 3789 sive

175 3827 229 3893 ἐπὶ
250 3831 310 3891 τῶν
331 3825 423 3907 ὤμων
447 3826 529 3911 ἔχειν
561 3831 661 3915 [elac
683 3833 721 3895 de
743 3832 823 3913 llep,
844 3831 939 3914 Xc-p.
963 3830 1038 3897 613.
1061 3830 1115 3916 (l.)
1136 3833 1229 3896 etex
1252 3828 1304 3897 el-

225 4047 256 4116 1)
274 4044 372 4107 (loddz
388 4046 466 4114 plum
483 4044 665 4117 δριιιιιίιιιι,
682 4050 752 4109 unde
762 4050 854 4106 (luitici
869 4051 1043 4105 emendarunt
1057 4048 1216 4116 ἅιιιιιιιιν,
1230 4043 1304 4101 ἄπο-

275 4135 360 4186 τίνειν
376 4128 527 4202 (Selilais),
542 4131 624 4202 ”Apso
641 4131 764 4193 'stivam
782 4134 843 4205 δορὶ
859 4137 953 4191 rivolo.
990 4136 1108 4198 Quorum
1129 4132 1181 4186 hoe
1201 4133 1306 4200 recepit

276 4216 457 4283 Hermoneia,
483 4219 549 4275 illud
567 4219 736 4285 Dindorlins‚
762 4227 888 4291 essetque
906 4227 1046 4292 utrumqne
1066 4220 1123 4274 lere
1141 4217 1210 4272 idern
1232 4215 1303 4286 qnod

276 4300 372 4357 lerro
390 4305 494 4366 lucro,
516 4305 665 4362 Horatiana
681 4310 793 4361 manime
808 4307 901 4361 lavere
919 4305 1042 4362 uidentur
1059 4306 1211 4373 scripturae
1232 4298 1304 4356 ιῖιιο-

273 4387 368 4439 τίνιιν.
710 4394 713 4401 “
986 4410 989 4415 ·
