2768 4838
1160 240 1216 308 '69‘

77 424 283 506 expeditionis
318 427 469 505 indigeat.
515 427 589 490 Nam
619 422 933 495 iocosa'montis
958 431 1088 509 imago
1118 447 1209 495 secus

78 526 158 590 dieta
178 530 238 608 est,
265 548 297 590 v.
320 529 359 591 arl
383 527 420 593 C.
442 529 465 612 l,
492 527 542 610 la,
567 526 597 592 3.

501 716 630 797 carn.
659 715 690 812 ι,
718 713 780 795 ar.
879 666 882 671 ’
1000 716 1006 737 ·

179 867 238 936 Est
262 872 390 953 hymnus
420 875 448 939 in
470 874 634 955 hatoiilas,
654 876 779 939 Dianam
808 877 840 938 et
861 873 1052 961 Apollinem,
1086 880 1137 964 qni
1166 876 1207 945 atr

79 968 249 1056 ὁμότροφοι
271 994 328 1037 uua
351 997 415 1039 cnm
436 982 530 1041 matre
553 979 671 1041 Latona
690 998 709 1040 a
729 976 856 1041 Graecis
879 978 907 1038 in
929 976 1049 1058 hymnis
1069 983 1208 1065 componi

77 1074 233 1156 solebant,
269 1080 301 1138 et
328 1097 424 1162 saepe
457 1081 564 1163 etlam,
595 1101 684 1163 quum
708 1080 763 1145 Sol
791 1083 823 1142 et
844 1080 927 1142 urana
953 1086 1082 1163 propter
1102 1083 1208 1147 almam

76 1177 172 1238 lucem
196 1182 228 1240 ct
248 1178 398 1243 salubrem
422 1184 501 1244 acris
524 1186 708 1265 temperiem,
732 1199 809 1264 quae
833 1182 871 1243 ah
895 1183 932 1242 iis
953 1185 1097 1266 oriuntur,
1119 1176 1205 1267 mor}

77 1278 188 1341 talihus
211 1284 316 1342 essent
338 1282 378 1343 uu
400 1283 563 1365 salutareS,
589 1287 743 1367 σωτῆρες,
765 1283 817 1345 vcl
840 1283 880 1344 dii
905 1286 1083 1366 averruncI,
1106 1282 1208 1360 dici!-

77 1406 182 1462 κακοι,
209 1379 403 1467 α’λεξίμοροι,
432 1381 659 1466 ἅποτροπαῖοι,
693 1386 782 1448 iidem
805 1383 856 1448 vel
881 1390 1129 1475 Hpouaanapiam
1154 1386 1207 1449 vel

73 1479 279 1564 Ἐπικουρίων
300 1488 480 1562 cognomine
505 1476 671 1553 coniunctis
691 1487 791 1550 sacris
816 1504 876 1549 uua
897 1482 1094 1550 eolehan'tura
1128 1487 1208 1549 unio

75 1581 244 1667 πάρεδροι,
276 1581 403 1651 σύνναοι
433 1588 505 1651 dicti
534 1586 657 1673 sunt¹].
700 1588 765 1652 Sed
796 1589 823 1648 is
853 1588 954 1651 cultus
980 1588 1124 1652 Rauracis
1151 1589 1207 1653 lam

77 1688 242 1766 antiquitus
261 1692 414 1769 receptus,
435 1690 497 1752 vil.
505 1691 573 1754 hir.
583 1690 622 1773 V,
638 1689 686 1771 13,
709 1695 743 1755 et
762 1691 931 1770 nuperrime
948 1692 1038 1753 ctiam
1054 1691 1205 1754 coniuncti

79 1794 166 1853 erant
189 1790 218 1851 hi
243 1793 308 1853 tres
330 1790 446 1852 Roorae
467 1792 497 1852 in
519 1794 630 1874 templo
654 1792 805 1871 Palatino,
828 1793 909 1873 quoil
924 1792 1090 1870 Augustus
1114 1791 1204 1852 dedi-

79 1896 217 1972 caverat,
239 1893 281 1954 ci.
304 1890 447 1971 Propert.
472 1891 520 1972 ll,
545 1893 603 1973 31,
629 1892 668 1955 ll
692 1910 760 1974 seq.
804 1891 913 1973 Neque
944 1891 1099 1955 admodum
1128 1908 1207 1972 pro·

77 1995 181 2057 babile
204 1996 254 2055 est
273 2008 392 2054 carmen
414 1992 608 2055 Horatianum
625 1992 735 2056 Graeci
759 1992 884 2053 alienius
907 1993 1101 2054 imitationem
1123 1978 1225 2054 esse.¹

78 2097 154 2157 Nam
183 2113 269 2176 qaum
292 2094 374 2155 nrulti
399 2094 582 2157 Graecorum
599 2097 762 2179 poetarum
786 2098 819 2155 et
849 2093 878 2154 iu
910 2093 1084 2174 Apollinem
1113 2096 1146 2158 et
1177 2096 1207 2157 iu

78 2199 206 2260 Dianam
230 2195 347 2277 hymni,
380 2196 478 2259 veluti
499 2197 651 2259 Homerici
681 2200 714 2259 et
736 2193 910 2260 Callimachi
937 2198 969 2258 et
992 2196 1206 2277 Tragicorum,

77 2300 167 2362 nohis
193 2298 290 2361 relicti
315 2299 392 2360 sint:
421 2298 520 2360 nullus
549 2302 648 2361 tanuen
678 2299 708 2360 iu
737 2299 775 2359 iis
804 2303 909 2360 exstat
937 2298 1041 2380 locus,
1074 2304 1118 2363 ex
1143 2318 1205 2384 quo

78 2403 250 2464 imitationis
275 2401 413 2477 vestigia
436 2400 586 2480 colligere
608 2401 772 2482 possimos,
797 2400 853 2460 uisi
878 2401 959 2463 torte
981 2401 1207 2483 Sophoclis

79 2504 108 2564 in
130 2500 319 2581 Trachiniis,
351 2501 389 2562 de
421 2521 479 2584 quo
502 2503 574 2565 virle
597 2504 687 2564 inira.
723 2500 819 2593 ‘Nihil
841 2520 919 2564 vcro
941 2507 1066 2584 praeter
1091 2505 1208 2585 epicam

78 2606 158 2667 illam
180 2608 318 2666 veterum
334 2605 518 2684 Hymoorum
542 2606 788 2685 compositionem
810 2622 847 2666 ac
870 2590 1035 2666 sollemnes
1065 2605 1208 2686 quasdam

78 2706 222 2790 loquendi
251 2706 395 2769 formulas
425 2708 462 2769 ab
485 2709 619 2768 Homero
647 2723 746 2784 usque
777 2709 971 2785 propagatas
995 2707 1127 2768 imitatus
1159 2710 1210 2770 est

78 2810 224 2872 Horatius
232 2820 254 2881 3·
286 2811 393 2869 cetera
433 2814 553 2870 carmen
592 2805 737 2868 hahemus
784 2822 859 2866 vere
902 2806 1086 2885 Romanum,
1128 2808 1209 2888 quod

79 2909 228 2975 Franlrius
261 2909 291 2968 in
320 2909 423 2971 Fastis
450 2909 527 2970 Hor.
555 2927 589 2989 p.
621 2904 692 2971 163.
723 2909 809 2969 recte
831 2905 948 2970 rettulit
974 2907 1010 2969 aa
1039 2909 1208 2971 memoriam

80 3011 231 3076 victoriae
258 3009 423 3090 Actiacae,
454 3011 513 3073 etsi
541 3012 571 3073 in
609 3029 647 3073 ec
682 3009 719 3073 ah
752 3028 829 3072 vero
866 3009 1028 3073 aberrasse
1068 3010 1208 3093 videtur,

80 3114 162 3199 quod
193 3113 440 3179 decantatum
478 3130 569 3176 esse
599 3113 708 3176 statuit
738 3113 767 3173 io
801 3113 897 3192 prima
924 3112 1128 3178 celebratione
1160 3114 1211 3175 lo-

80 3217 184 3280 dorum
217 3213 409 3279 Actiacorum
439 3215 696 3298 quinquennalium
725 3232 753 3276 a.
784 3235 815 3276 u.
847 3235 873 3278 c.
901 3214 978 3281 726.
1033 3215 1125 3279 lurruo
1163 3218 1211 3277 si-

80 3319 173 3384 mulat
195 3322 288 3401 poeta
309 3336 344 3380 se
373 3321 513 3404 tanquam
534 3319 688 3381 illosarum
710 3318 900 3381 sacerdotem
924 3318 1073 3399 virginum
1094 3335 1211 3402 puero·

132 3536 160 3606 l)
177 3534 284 3592 Homer.
302 3536 395 3606 llpmn.
420 3541 449 3591 iu
464 3536 555 3606 Apoll,
571 3536 630 3591 Del.
649 3541 774 3609 15811..
800 3535 830 3589 ll·
851 3539 879 3589 iu
897 3534 985 3605 Apoll.
1006 3533 1073 3606 Ppth
1106 3540 1139 3591 ai
1159 3548 1211 3607 sq„

80 3612 85 3625 '
185 3619 216 3675 ll.
238 3622 267 3672 iu
286 3618 363 3679 Dian.
381 3621 565 3677 1111111111
583 3623 648 3686 init,
667 3618 698 3673 ll.
716 3621 743 3672 in
761 3619 871 3673 eandem
887 3618 1005 3685 xxvii,
1025 3632 1064 3673 se.
1084 3625 1109 3675 3.
1130 3624 1157 3674 ei
1174 3632 1213 3686 rs,

186 3708 219 3761 19
240 3705 449 3776 sqq.,Acscu51.
470 3706 541 3776 Sept.
561 3706 620 3762 145.
638 3719 713 3774 sqq„
739 3700 822 3773 Soph.
842 3702 940 3757 Traeh.
957 3709 1104 3763 auo-215.
1138 3702 1169 3758 0.
1183 3703 1213 3759 li.

189 3792 242 3845 161
265 3803 324 3861 sqq.
352 3787 383 3844 0.
407 3790 436 3845 C.
458 3795 525 3849 1091
546 3804 614 3859 sqq,
634 3786 709 3842 Pind.
728 3786 803 3841 Nem.
825 3786 873 3853 lx,
892 3791 919 3845 4.
938 3788 1014 3846 alihi.
1031 3823 1066 3833 -
1083 3788 1123 3844 lle
1140 3791 1218 3858 Hac-

187 3879 341 3945 στατηρίων
359 3880 386 3929 11
403 3872 587 3944 Ἐπικουρίων
606 3872 740 3942 Apollinis
767 3879 796 3929 et
816 3872 920 3929 Dianae
937 3872 1090 3929 nominihus
1109 3888 1143 3927 ao
1159 3888 1216 3926 mu-

186 3958 296 4013 neribus
323 3975 349 4017 r.
373 3958 517 4027 Hermann,
545 3958 580 4013 ud
603 3956 738 4028 Sophocli
761 3956 860 4018 Tracta.
882 3966 951 4019 208,
988 3958 1154 4015 Schneidcm.
1180 3956 1215 4011 aa

188 4043 272 4096 eiusrl.
294 4042 336 4099 El.
353 4046 417 4109 637,
443 4048 470 4099 et
489 4040 573 4099 Orell.
601 4040 637 4095 ad
661 4038 741 4095 huius
761 4042 849 4097 Caum.
873 4053 978 4111 rs.·13;
1008 4044 1041 4099 aa
1066 4044 1216 4097 coniunctis

188 4142 279 4180 eorum
299 4116 332 4182 ct
343 4131 440 4182 matris
459 4125 581 4181 Latonae
600 4128 688 4179 sacris
706 4126 830 4183 asleunsla
847 4137 910 4186 suut
923 4144 994 4201 quae
1010 4126 1149 4184 llclche
1160 4141 1218 4180 rus

188 4209 221 4263 ad
242 4209 316 4266 Piud.
335 4214 351 4266 Ι.
373 4229 394 4266 1.
420 4218 550 4281 congesta
575 4226 631 4264 cum
657 4210 783 4265 Disseuio
807 4215 1010 4268 communicavit
1034 4214 1060 4263 in
1089 4209 1218 4267 Bocchhii

189 4294 306 4349 odilione
324 4313 347 4365 p.
365 4299 425 4352 453.
