2768 4838
1190 298 1252 363 179

127 488 198 549 sunt
221 487 297 549 satis
320 486 415 567 liquet
437 483 570 547 corollas
593 483 773 545 convivales
795 484 875 565 apud
899 482 1037 547 Graecos
1059 485 1143 547 vitae
1165 504 1251 546 com-

127 590 221 650 munis
250 608 286 651 ae
309 606 405 668 prope
429 586 596 647 cotidianae
625 587 720 646 fnisse
748 590 781 650 et
809 604 873 648 cnm
904 587 977 665 potu
1001 604 1037 649 ac
1058 585 1251 648 libationibus

126 693 168 750 tta
192 692 368 751 coniunctas
390 692 483 770 atque
504 707 669 766 connexas,
688 693 721 750 nt
740 708 777 750 ne
792 691 820 750 in
840 688 951 751 castris
975 688 1090 767 quidem
1107 694 1159 751 aut
1173 707 1250 752 con-

126 793 257 854 tionibus
276 791 477 870 offenderent,
500 809 556 852 nec
581 797 687 853 eontra
710 810 821 853 morem
843 791 962 853 uirilem
985 790 1086 852 tacere
1104 791 1250 853 videren-

127 899 176 958 tur
198 898 225 956 si
249 897 299 979 qui
315 892 622 956 conrissabundiennr
643 895 762 955 coronis
784 912 840 975 per
861 895 929 955 vias
949 893 1086 973 publicas
1109 893 1250 955 incedere

126 998 260 1058 vellent:
283 1003 368 1060 certe
392 996 423 1056 id
446 997 549 1057 tacere
569 1012 626 1054 non
649 993 769 1074 publice
793 997 994 1074 vetabantur,
1023 996 1079 1055 nisi
1106 995 1188 1076 quod
1217 997 1251 1057 et

126 1098 373 1179 Lacedaemone,
398 1098 464 1160 dnm
488 1098 526 1157 ibi
547 1097 648 1176 prisca
671 1097 830 1178 disciplina
850 1099 1001 1177 vigebat‘,
1023 1095 1106 1165 nulla
1136 1097 1250 1157 comis-

125 1200 211 1261 sandi
242 1201 363 1262 licentia
395 1199 747 1282 concedebatur‚(teste
780 1202 908 1264 Platone
942 1200 1022 1281 apud
1047 1197 1160 1259 Athen.
1189 1196 1252 1278 lv,

127 1320 153 1361 c.
184 1297 464 1381 sanctionicae
496 1301 622 1363 alicuius
644 1303 793 1364 victoriae
815 1305 938 1381 insigne
972 1301 1049 1382 ipsis
1072 1298 1252 1379 praesertim

125 1400 205 1462 ludis
228 1402 286 1463 sibi
307 1421 455 1481 arrogare
478 1406 511 1464 in
528 1403 639 1488 ceteris
663 1404 838 1465 civitatibus
863 1402 1012 1467 Graeciae
1031 1403 1150 1480 impune
1173 1400 1253 1463 lice-

125 1504 179 1566 bat
202 1508 325 1584 nemini,
355 1508 532 1588 ceteroquin
556 1503 636 1565 band
658 1507 854 1568 severissimo
876 1505 935 1568 fine
956 1503 1107 1586 publicum
1131 1507 1162 1566 et
1183 1505 1252 1583 pri-

126 1611 227 1668 vatum
249 1627 425 1670 coronarum
450 1627 534 1670 usum
555 1607 794 1669 discernentibus
818 1606 961 1688 Graecis,
992 1607 1081 1669 aliter
1102 1622 1177 1667 sane
1199 1607 1251 1669 at·
1369 1669 1371 1672 Α

127 1727 187 1790 qne
210 1710 325 1771 Romae
347 1708 457 1789 fiebat,
479 1712 505 1771 si
519 1710 646 1772 Plinium
669 1712 804 1772 audimus
826 1708 914 1789 XXI,
939 1728 967 1772 o.
980 1709 1018 1772 22
1047 1708 1252 1773 Tenoioribuo

125 1817 293 1876 urebantur
322 1815 443 1894 antiqui
448 1844 451 1849 ·
463 1819 608 1893 stroppos
629 1815 842 1895 nppeltuntos,
870 1810 955 1872 ande
975 1819 1052 1871 nota
1073 1812 1253 1892 strophiolo.

130 1917 212 1993 Quin
238 1926 269 1978 et
288 1915 472 1978 vocabulum
491 1917 594 1995 iprsom
615 1915 707 1976 tarde
728 1916 986 1977 communicatum
1007 1921 1069 1991 eet,
1099 1916 1180 1975 inter
1199 1933 1253 1974 su-

126 2027 324 2094 cr'adnntnm
347 2027 380 2078 et
400 2017 524 2076 bellicos
545 2017 677 2078 bonores
700 2019 821 2077 coronis
842 2034 935 2076 enom
956 2034 1069 2074 nomen
1089 2015 1253 2076 credeca-

125 2124 229 2195 tr'bne;
256 2143 351 2205 qnam
376 2139 449 2180 omn
476 2140 493 2180 e
517 2117 648 2201 floribus
674 2120 804 2200 fierent,
830 2125 916 2178 certo
942 2137 962 2177 u
983 2117 1115 2178 emendo
1135 2121 1256 2180 certene

126 2225 376 2306 appellabantur.
421 2241 447 2283 o.
471 2219 508 2300 3,
539 2220 666 2302 5seq.:
702 2219 836 2304 Semper
867 2228 972 2282 tamen
1002 2222 1173 2281 auctoritas
1204 2221 1272 2281 vel,

125 2327 254 2386 ludicro·
266 2329 479 2407 quaesitarum
497 2326 564 2407 fnit
585 2349 646 2397 -,·
667 2326 842 2406 ingensque
862 2332 894 2385 et
913 2324 985 2384 binc
1005 2325 1168 2384 reveritae.
1212 2321 1254 2386 L.

125 2429 260 2490 Fannius
283 2429 485 2508 argentarius
506 2428 584 2487 betto
599 2427 720 2489 Punico
739 2428 876 2516 seeundo
898 2449 968 2489 cnm
988 2447 1101 2487 corono
1123 2446 1254 2488 rosaceo

123 2531 259 2592 interdiu
280 2551 299 2590 e
314 2532 453 2612 pergula
475 2550 536 2591 sna
562 2533 595 2592 in
613 2532 722 2613 forum
737 2529 941 2614 prospexisse
961 2532 1062 2593 dictor
1083 2551 1124 2590 em
1145 2538 1253 2591 ancto—
1297 2571 1299 2576 ·

123 2636 217 2694 ritate
237 2642 367 2694 aenntne
388 2637 421 2694 in
442 2654 598 2695 carcerem
620 2634 773 2694 obductae
793 2654 856 2694 non
878 2635 1058 2712 ontefinem
1077 2634 1267 2694 bathemen.
1347 2638 1349 2644 '

124 2755 179 2796 ene
205 2743 262 2795 eet.
315 2731 410 2796 (luins
442 2733 622 2794 severitatis
648 2734 756 2793 deinde
782 2738 813 2795 et
835 2722 914 2795 allud
937 2735 1057 2810 insigne
1081 2732 1252 2812 exemplum

125 2840 229 2898 narrat
253 2839 285 2898 et
306 2834 450 2898 Caesaris
473 2834 612 2910 Augusti
635 2834 665 2892 in
687 2834 785 2895 liliam.
837 2836 906 2895 Non
930 2839 980 2896 est
1000 2836 1096 2911 igitur
1117 2853 1170 2896 eur
1194 2836 1252 2894 mi-

125 2955 236 3015 remur,
260 2936 339 3019 quod
363 2937 513 2999 Horatius
537 2938 570 2997 ut
593 2954 649 3016 pro
670 2955 726 2997 sua
750 2936 966 2998 consuetudine
990 2935 1167 2999 carminibus
1186 2936 1253 2996 suis

127 3040 259 3102 Graecos
290 3039 408 3101 colores
430 3038 588 3100 inducendi
616 3039 646 3098 in
674 3036 732 3099 boc
753 3057 873 3120 qnoque
896 3056 1013 3118 genere
1033 3041 1162 3100 externa
1184 3057 1251 3098 rnu-

126 3144 228 3202 tuatus
252 3145 311 3220 est,
335 3143 378 3203 ita
401 3159 465 3202 eam
486 3140 664 3208 libertatem
678 3140 878 3202 Romanorum
900 3160 1012 3203 morum
1032 3142 1150 3204 ratione
1173 3144 1252 3205 tern-

127 3245 268 3324 peravit,
292 3248 325 3306 ut
348 3262 446 3326 neque
468 3245 664 3306 comissantes
685 3262 809 3325 usquam
830 3245 983 3307 induxerit
996 3246 1170 3324 coronatos,
1193 3263 1250 3306 ne·-

127 3363 185 3425 que
206 3349 421 3427 περιδεραίους
438 3344 609 3428 στεφάνους
627 3346 697 3407 ullis
716 3346 858 3407 laudibus
874 3346 1094 3424 celebraverit,
1117 3364 1253 3435 onmem-
1303 3360 1307 3367 ·

125 3465 183 3529 que
207 3449 358 3511 licentiam
385 3452 475 3531 atque
495 3449 643 3509 luxuriam
667 3450 733 3508 eius
755 3450 801 3508 rei
822 3448 987 3527 prudenter
1009 3469 1027 3508 a
1050 3467 1084 3509 se
1107 3451 1253 3511 reiecisse

126 3552 158 3610 et
179 3552 361 3630 aspernatus
383 3567 453 3610 esse
478 3550 629 3611 videatur.
1224 3532 1234 3539 ’

230 3651 375 3732 Quoniam
397 3650 436 3733 de
457 3669 512 3710 nsu
535 3665 710 3712 coronarum
736 3647 817 3722 dixi,
840 3665 916 3711 nunc
940 3650 978 3712 de
998 3652 1172 3732 praecipuis
1195 3671 1253 3716 oo-

124 3753 308 3813 ronarnentis
330 3770 430 3831 pauca
450 3753 556 3815 dicam.
606 3750 683 3812 Nam
709 3749 740 3809 in
760 3747 807 3808 bis
829 3767 949 3832 quoque
972 3754 1162 3817 celebrandis
1184 3755 1252 3819 llo·

124 3855 219 3917 ratius
250 3874 284 3917 se
308 3855 346 3916 ad
372 3853 555 3941 Graecorum
577 3853 769 3915 imitationem
795 3855 1003 3933 composuisse
1034 3862 1252 3937 cognoscetur.

126 3955 447 4020 coronamentum
475 3958 574 4018 autern
599 3955 768 4034 scriptores
795 3956 921 4017 veteres
943 3959 1140 4038 appellabant
1160 3963 1252 4044 qnid-

126 4059 196 4140 quid
217 4060 383 4140 plantarum
407 4057 550 4123 texendis
572 4056 693 4118 coronis
716 4053 930 4140 adhibebatur,
955 4062 1024 4122 sire
1047 4063 1076 4122 ld
1101 4062 1174 4124 tlore
1197 4080 1253 4123 seu

124 4162 228 4242 potius
249 4162 323 4225 rollo
349 4161 527 4241 constabat,
558 4159 585 4220 si
605 4158 693 4220 modo
717 4175 865 4235 ‚coronas
889 4162 1026 4227 laceret‘
1048 4162 1141 4244 (Plin.
1164 4162 1253 4244 XXI,

125 4261 157 4344 8,
173 4261 262 4347 23),
292 4268 382 4327 uteo
404 4265 520 4327 nomine
545 4281 604 4325 non
624 4261 720 4323 solum
742 4254 834 4324 flores
856 4265 908 4345 qui
926 4266 956 4344 ln
978 4267 1062 4326 serta
1088 4268 1252 4329 conclnna-

124 4370 246 4447 rentur,
276 4366 333 4430 sed
355 4384 457 4431 omnes
487 4367 605 4431 omniuo
632 4365 753 4448 plantus
774 4367 948 4430 coronarias
970 4364 1252 4449 complecterentur.
