2768 4838
1226 223 1257 269 1¹

125 397 212 477 runt,
244 398 276 458 et
306 396 375 477 ipse
408 395 496 457 etiam
518 397 707 459 listreius
738 397 836 459 falsus
866 398 930 476 est,
960 395 1061 477 quiin
1084 393 1252 460 Horatiana

125 497 418 579 Prosopograpbeia
440 496 726 579 pertenuem,
750 499 911 578 „inprimis
932 498 1026 559 multa
1039 497 1158 561 Horatii
1178 517 1249 560 car-

124 602 203 663 mina
232 618 275 661 ex
300 599 427 666 Graecls
457 601 636 665 carminibus
664 619 814 680 expressa
837 600 949 679 luisse,
971 599 1056 662 cuius
1075 601 1121 662 rei
1140 616 1249 662 exem-

123 704 205 784 plum
228 701 366 766 Catullus
383 703 598 786 reliquisset.“
632 703 709 764 Nam
732 703 781 783 qui
803 701 893 782 paulo
914 704 1084 765 accuratius
1103 702 1133 763 in
1153 721 1190 764 ea
1213 721 1248 765 re

124 809 269 870 uersatus
294 806 367 883 luit,
389 805 478 867 lacile
499 806 661 884 invenerit,
685 822 743 865 non
770 822 841 865 esse
863 804 1089 867 consuetudinis
1101 803 1246 866 Horatia-

124 926 181 969 nae
205 909 328 986 integra
350 905 534 970 Graecorum
557 909 687 971 carmina
708 907 874 968 imitatione
897 907 1069 986 exprimere
1089 908 1122 969 ct
1144 906 1250 969 eadem

124 1013 339 1073 sententiarum
359 1011 450 1088 serie,
473 1009 580 1071 nedum
599 1010 705 1072 iisdem
727 1010 844 1088 verbis,
866 1008 973 1070 Latine
991 1005 1131 1069 reddere.
1169 1009 1251 1070 llx-

123 1112 236 1174 ordia
257 1112 481 1191 carminum,
507 1112 585 1174 unde
605 1114 719 1175 initium
740 1110 858 1174 dicendi
876 1110 909 1171 et
934 1110 1122 1191 propositum
1143 1115 1252 1193 sumat,

126 1218 158 1276 et
179 1212 364 1294 principales
384 1213 634 1294 sententias,
660 1215 690 1274 in
712 1214 876 1293 conspicua
897 1211 1073 1292 plerumque
1091 1211 1177 1293 rede,
1199 1212 1252 1274 rel

124 1317 154 1379 in
175 1315 323 1396 principio
344 1314 396 1375 vel
416 1315 446 1374 in
468 1314 564 1374 media
585 1318 673 1397 parte
689 1314 740 1376 rel
755 1315 784 1376 in
799 1314 935 1376 clausula
947 1312 1125 1392 collocatas,
1142 1315 1250 1395 quibus
1338 1369 1341 1373 .

125 1419 255 1480 carmina
279 1434 334 1476 sua
360 1415 528 1493 distinguat
549 1418 581 1477 et
611 1417 719 1480 doctos
745 1416 857 1478 amicos
880 1419 1004 1477 moveat
1028 1416 1082 1477 vel
1102 1415 1248 1499 oblectet,

124 1518 278 1581 atlraeois
302 1518 476 1579 auctoribus
498 1520 640 1597 repetere
663 1517 760 1596 solet,
790 1519 823 1580 et
850 1535 928 1580 reru
947 1519 1036 1581 etiarn
1058 1518 1251 1598 multiplicem

124 1622 204 1682 illum
226 1621 398 1683 aerarium
423 1619 623 1681 orationis
652 1621 845 1698 ornatum,
868 1620 898 1681 iu
920 1639 981 1702 quo
997 1620 1054 1683 vix
1072 1618 1250 1700 dioipotest
1306 1648 1339 1693 ·,

125 1724 311 1805 quantopere
334 1739 351 1781 e
376 1722 503 1784 Graecis
533 1722 597 1782 suis
628 1718 853 1800 exemplaribus
878 1720 1060 1802 pendeat9).
1107 1723 1150 1786 Ut
1173 1722 1250 1789 haec

125 1825 183 1885 sibi
208 1824 287 1884 iusta
317 1840 353 1885 ac
379 1823 556 1885 necessaria
586 1838 658 1882 esse
687 1822 826 1902 putavit,
856 1821 968 1884 italiis
996 1825 1062 1885 lere
1086 1824 1193 1889 linibus
1215 1842 1254 1888 se

127 1926 289 2004 continuit,
313 1923 377 1985 vid.
400 1923 478 1985 inira
499 1921 536 1983 de
560 1920 743 1986 Archilocho
766 1923 798 1983 et
819 1918 968 2003 Euripide
988 1928 1021 1986 et
1041 1926 1098 1987 cir.
1122 1927 1252 2007 dolp-

126 2028 198 2091 ricis
219 2026 259 2088 ad
279 2022 440 2103 c.1,1‚3
464 2026 496 2086 et
516 2022 542 2103 l,
559 2021 656 2104 18,1.
677 2023 765 2085 Unde
788 2022 874 2085 simul
898 2029 1038 2106 apparot,
1060 2045 1148 2110 quam
1170 2028 1254 2091 libe·
1363 2060 1374 2080 ·-

127 2130 192 2192 rale
214 2129 242 2189 ei
265 2128 294 2188 in
316 2126 465 2187 imitandis
485 2125 669 2188 Graecorum
690 2127 848 2205 poetarum
869 2126 1048 2188 carminibus
1068 2129 1161 2193 suerit
1181 2131 1251 2191 stu·
1342 2142 1347 2153 ·

128 2233 225 2317 dium,
263 2230 436 2309 quantoque
459 2228 570 2290 iudicio
596 2230 630 2290 et
650 2232 715 2290 arte
736 2226 810 2288 illud
833 2246 1007 2306 aggressus
1031 2230 1089 2309 sit,
1117 2228 1195 2292 adeo
1218 2233 1254 2295 ut

126 2352 184 2396 non
215 2335 274 2396 tam
294 2345 394 2393 rerum
418 2348 454 2391 ac
478 2330 640 2392 uerborum
661 2332 828 2394 nouitatem
853 2349 889 2392 ac
915 2331 1098 2394 suavitatem
1120 2333 1157 2394 ab
1184 2333 1253 2395 allis

126 2438 493 2513 mutuatusesse,quam
517 2433 695 2494 satis'sibi
723 2435 913 2514 ipselisus
944 2435 977 2497 et
1002 2434 1144 2496 liberis
1176 2453 1252 2499 ve·
1309 2474 1319 2497 ι
1368 2458 1374 2469 ·

128 2537 297 2615 stigiis,
326 2536 361 2595 ut
385 2549 462 2594 vere
487 2533 638 2610 gloriatur
660 2535 755 2614 lipist.
777 2534 808 2613 l,
832 2535 883 2615 19,
905 2535 965 2617 21,
995 2555 1050 2598 eos
1070 2522 1254 2599 subsecutus

128 2641 282 2719 ingenium
296 2654 390 2714 suum,
414 2653 487 2695 suas
503 2636 586 2696 vires
598 2636 628 2695 in
648 2637 753 2697 iisdem
769 2638 957 2714 argumentis
968 2639 1136 2701 tractandis
1151 2656 1254 2720 expe·
1303 2636 1307 2643 ’

129 2742 182 2802 riri
196 2739 377 2819 omninoque
408 2734 446 2796 de
470 2734 570 2814 palma
592 2755 657 2799 cum
679 2737 740 2798 illis
767 2740 900 2818 ipsorum
924 2740 1039 2799 artibus
1059 2741 1255 2807 uertarorc-

128 2844 224 2904 luisse
252 2838 352 2901 rideri
379 2836 501 2897 debeat.
552 2834 598 2898 At
621 2854 698 2898 veru
725 2855 813 2917 quum
839 2840 908 2919 ipsc
937 2841 1070 2917 ingenue
1097 2840 1257 2921 professus

131 2944 217 3004 esset
237 2937 273 3003 0.
295 2936 389 3017 ive,
414 2936 467 3000 27.
489 2954 525 2997 se
544 2938 661 3018 „apis
683 2956 785 3000 more
806 2941 997 3022 modoque
1018 2940 1063 3000 ad
1087 2942 1256 3017 carmina

131 3037 357 3121 lingenda“
397 3057 449 3100 res
484 3057 658 3121 omnemque
687 3046 864 3123 apparatum
894 3044 1092 3124 undecunque
1120 3043 1259 3105 conlerrc

130 3164 232 3228 „per
254 3143 456 3225 plurimum
476 3140 708 3224 laborem,“
746 3147 830 3208 recte
860 3143 908 3205 his
929 3145 1032 3207 moniti
1057 3144 1115 3204 iam
1136 3143 1258 3223 'pridem

132 3248 319 3328 luterpretes
341 3262 396 3305 eos
416 3244 502 3306 locos
523 3245 715 3324 investigare
736 3248 925 3328 studuerunt,
945 3247 1024 3309 unde
1046 3246 1136 3308 vates
1150 3244 1258 3308 Venu-

133 3350 217 3411 sinus
239 3348 433 3429 „poetica
457 3367 513 3407 sua
533 3367 559 3407 m
570 3348 676 3409 clla“
691 3350 928 3431 conquisivisset
935 3371 944 3423 3
968 3367 1025 3411 uec
1040 3365 1081 3408 ea
1094 3365 1146 3408 res
1161 3347 1259 3408 omni-

134 3470 172 3512 no
193 3451 231 3510 iis
250 3448 365 3510 frustra
389 3449 463 3512 fuit:
493 3452 542 3511 sat
570 3450 663 3512 multa
685 3453 715 3513 in
737 3450 923 3513 sua·horrea
945 3450 1152 3513 condiderunt.
1194 3447 1261 3543 Sed

140 3600 344 3612 .......----

233 3683 372 3734 manerent
389 3677 502 3732 Horatio
520 3681 668 3750 propria.“
708 3681 792 3740 liuius
815 3687 962 3738 auctoritas
982 3684 1079 3741 ieiellit
1096 3684 1260 3741 etiamrltlit-

238 3762 424 3820 soherlicbium
442 3767 609 3833 saepissime,
627 3783 653 3822 r.
672 3769 707 3821 ad
725 3770 753 3825 G.
772 3771 794 3837 l,
815 3777 855 3828 18.
874 3785 911 3824 rs.
930 3777 944 3824 1
965 3777 992 3824 et
1012 3780 1052 3828 11.

184 3866 216 3935 9)
237 3863 293 3919 lluc
315 3861 612 3934 spectatllensolrii
638 3872 824 3923 commentatio
851 3869 910 3935 „de
935 3867 1040 3923 Horatii
1058 3867 1177 3924 Graecos
1201 3871 1262 3922 imi-

236 3948 313 4003 tandi
330 3948 419 4002 studio
437 3962 470 4000 ao
488 3951 594 4002 ratione
612 3949 702 4005 brevis
720 3956 879 4024 expositio“
898 3954 1050 4025 (Viteberg.
1070 3953 1170 4021 1829),
1187 3954 1263 4006 cuius

240 4032 308 4087 baec
326 4033 382 4086 iere
400 4047 500 4085 summa
518 4039 575 4087 cst:
600 4032 764 4100 „lloratium
792 4045 820 4093 et
843 4039 872 4091 in
901 4044 1046 4092 metrorum
1069 4040 1192 4102 ratione,
1217 4038 1263 4091 ubi

240 4124 329 4170 tamen
348 4117 532 4172 severioribus
549 4133 613 4172 usus
632 4125 673 4173 est
689 4121 805 4192 legibus,
823 4129 849 4175 et
869 4124 897 4174 irr
915 4123 1058 4178 verborum
1077 4126 1220 4186 structura,
1238 4128 1265 4177 et

241 4204 270 4255 in
296 4205 488 4256 sententiarum
509 4202 688 4257 adornatione
707 4220 789 4276 saepe
807 4208 898 4260 omnia
922 4206 1020 4262 debere
1040 4201 1164 4272 Graecis,
1183 4222 1264 4277 saepe

240 4300 305 4339 uero
323 4288 357 4341 iis
376 4285 516 4342 discedere
537 4286 730 4343 interiorem·“
