2768 4838
121 241 166 305 66

120 423 459 512 tpoirmr1),’'Epmroc
477 419 637 508 pontifi)
657 427 813 488 vocantes.
856 424 1018 486 Anacreon
1041 424 1164 506 quidem
1187 441 1258 487 eum

125 524 312 612 potissimum
332 530 482 611 implorat,
505 533 539 591 ut
556 527 614 588 sibi
632 527 662 588 iu
682 545 783 589 amore
800 525 939 590 Cteobnti
956 528 1043 607 puori
1063 527 1260 590 conciliando

124 633 297 714 auxilietur,
324 635 373 696 Fr.
397 632 426 693 2.
442 634 494 694 Bc
509 625 623 708 Ὠνοξ,
646 620 671 717 ᾧ
691 625 826 711 δαμάλης
839 626 939 709 Ἕριος
958 631 1009 692 καὶ
1023 625 1157 710 Νύμφαι
1177 655 1260 694 κυα-

123 729 253 808 ammador
281 736 442 816 πορφυρέη
472 728 499 796 r'
520 729 686 816 Ἀφροδίτη
718 732 963 812 συμπαίζουσιν,
990 733 1023 793 ct
1052 730 1193 793 similiter
1222 734 1260 792 ut

125 834 183 897 hoc
206 835 273 898 loco
295 836 441 900 Horatius
469 834 577 915 culpae
597 853 673 896 suae
699 834 825 895 eundem
846 835 965 898 incusat
986 831 1199 910 Meleager
1224 834 1257 894 in

124 935 253 1010 Anthela
273 937 324 1000 Gr.
340 937 363 1017 Ι,
381 937 432 1000 17.
456 937 565 1018 Epigr.
579 934 683 1016 ΙΝΙΙ,
699 933 738 998 3:
760 934 810 998 Ἐν
831 939 908 1018 πυρὶ
927 937 1092 1018 prenotate
1111 935 1259 1023 oue'pyerg

124 1033 225 1118 φλόγα
240 1032 295 1100 κᾶν
318 1037 351 1103 ἐν
365 1036 490 1124 Ἔρωτι,
513 1042 579 1100 Καί
596 1060 635 1119 με
657 1033 750 1100 πάλιν
770 1033 865 1115 δήσας
879 1032 933 1102 adv
955 1032 1011 1101 σὸν
1031 1032 1115 1118 ι’ἱμεις
1133 1033 1259 1114 ἱκέτηυι

125 1140 174 1201 ubi
198 1138 288 1220 plura
310 1141 347 1203 de
368 1140 480 1205 Bacchi
501 1160 566 1203 cnm
588 1135 703 1200 Amore
724 1142 876 1203 consortio
900 1142 1019 1221 profert
1040 1136 1164 1198 Jacobs.
1188 1134 1256 1200 Gir.

126 1240 216 1306 Ouid.
237 1241 279 1303 A.
300 1239 340 1308 A.
363 1241 417 1323 ΙΙΙ,
442 1241 516 1305 762.
541 1244 572 1304 et
592 1241 672 1303 Ptin.
696 1240 770 1304 Sec.
795 1242 824 1303 in
846 1241 970 1305 Antinoi.
991 1240 1060 1301 inat.
1083 1232 1108 1318 Ι,
1127 1238 1258 1302 xxiii:

125 1343 256 1407 Ardenti
276 1342 397 1408 Baccho
421 1343 614 1408 succenditur
643 1344 726 1421 ignis
747 1343 888 1416 Amoris3
926 1341 1001 1402 Nam
1031 1346 1101 1406 sunt
1125 1346 1258 1407 unanimi

126 1443 265 1509 Bacchus
288 1443 442 1528 Amorque
465 1448 549 1507 deus.
1267 1500 1271 1511 .

226 1567 259 1609 v.
281 1546 313 1611 3.
355 1551 473 1610 lasciva
498 1542 655 1628 Licentia]
688 1546 894 1633 Poetadeam
917 1548 991 1610 tecit
1010 1543 1126 1627 ὕβριν
1150 1545 1257 1610 Grae-

127 1667 246 1730 corum,
267 1667 325 1710 non
347 1650 490 1731 princeps
513 1648 567 1709 sed
592 1649 665 1727 post
686 1644 863 1711 Ciceronem
886 1645 935 1730 (v.
957 1648 995 1710 de
1017 1649 1122 1728 Legg.
1145 1648 1186 1730 ΙΙ,
1208 1649 1258 1716 17.

126 1750 186 1833 42)
209 1752 242 1812 et
260 1750 416 1813 tritissimo
440 1751 566 1830 uterque
600 1751 687 1811 vocis
717 1770 774 1811 usu
809 1794 830 1831 ‚,
840 1750 893 1814 ἐπὶ
920 1750 1065 1835 ἐρωτικῆς
1084 1751 1259 1834 ἐπιθυμίας

127 1843 299 1918 α’κολιίσιου
323 1848 446 1928 odon&
467 1869 556 1932 quum
579 1852 661 1932 apud
683 1852 760 1914 alios
782 1856 841 1915 tum
867 1853 945 1935 apud
971 1853 1169 1936 philosophos
1191 1858 1258 1920 So-

128 1958 271 2035 craticos,
294 1955 372 2018 Ptat.
394 1952 523 2016 Phaedr.
544 1974 577 2034 p.
599 1952 676 2019 238.
699 1974 726 2017 a.
750 1954 823 2020 250.
847 1973 884 2035 ο,
910 1953 1150 2036 Xenoph.ttiom.
1167 1959 1209 2040 ΙΙ,
1228 1960 1257 2041 l,

127 2055 180 2122 30.
201 2058 252 2119 ubi
275 2058 325 2139 qni
347 2058 453 2119 insano
477 2054 529 2117 ilio
553 2060 646 2138 atque
668 2056 814 2120 effrenato
838 2056 1012 2137 cupiditatis
1033 2061 1174 2125 instinctu
1198 2051 1276 2124 ab-'

128 2161 210 2241 repti
235 2178 270 2220 se
292 2160 432 2240 corporis
457 2159 609 2238 voluptati
634 2157 748 2222 dedunt
769 2163 802 2223 et
821 2161 851 2220 iu
874 2176 1017 2222 venerem
1040 2166 1147 2243 ruunt,
1167 2162 1260 2251 ὕβρει

128 2267 341 2343 προσομιλεῖν,
362 2258 494 2342 ὕβριζον
516 2261 653 2323 dicuntur
676 2276 837 2343 eorumque
860 2265 1008 2326 amentiae
1028 2268 1121 2347 atque
1143 2267 1258 2330 intem-

132 2363 290 2447 perantiae
319 2364 436 2425 sanitas
465 2364 553 2424 animi
582 2380 619 2439 ac
642 2360 809 2424 moderatio
838 2366 1009 2445 opponitur.
1056 2367 1168 2430 Verum
1189 2371 1261 2450 ipsa

131 2466 238 2544 verba,
269 2466 378 2546 quihus
402 2463 490 2547 λ’βριν
510 2463 590 2525 ittam
612 2463 758 2527 describit
778 2464 887 2545 Plato,
909 2473 1059 2551 praestat,
1084 2473 1118 2534 ut
1139 2473 1260 2553 opinor,

132 2569 294 2631 subiicere.
339 2566 417 2630 Sunt
439 2568 538 2628 autem
563 2567 593 2627 in
613 2565 742 2628 Phaedri
765 2566 833 2630 loco
856 2570 957 2648 priore
983 2570 1041 2634 troc
1065 2573 1170 2636 modor
1191 2572 1259 2639 Δό-

130 2675 184 2750 ξης
203 2674 261 2752 μὲν
285 2662 339 2733 οὖν
363 2667 415 2732 ἐπὶ
436 2663 472 2733 υὸ
494 2663 623 2753 ἄριστον
644 2664 727 2753 λόγῳ
747 2664 885 2751 αἷγοέσης
915 2678 968 2736 καὶ
996 2672 1186 2759 κρατούσης,
1215 2680 1262 2764 τῷ

130 2770 236 2860 κράτει
269 2767 510 2855 σωφροσύνη
548 2767 663 2853 ὄνομα·
699 2771 870 2851 ἐπιθυμίας
900 2776 934 2838 δὲ
964 2770 1083 2858 α’λόμως
1112 2775 1263 2859 ἑλκούσης

130 2877 183 2942 ἐπὶ
205 2869 315 2954 ἧδουὰς
335 2880 387 2938 καὶ
410 2870 547 2958 αἷρξάσης
569 2872 602 2937 ἐν
624 2870 696 2953 η’μῖν
715 2877 751 2961 τῇ
769 2868 849 2963 αἷρχῇ
862 2873 979 2958 ἶν’βρις
994 2877 1210 2962 ἐπωνομάσθη
1219 2879 1261 2966 ³).

131 2977 238 3059 ltaque
261 2995 350 3057 quum
379 2993 474 3056 saepe
499 2975 588 3037 Plato
612 2978 644 3037 ¹ot
664 2974 837 3057 Xenophon
858 2977 947 3039 istam
969 2978 1173 3047 licentiam
1195 3003 1260 3047 ex-

133 3079 319 3156 agitassent,
345 3075 425 3158 quod
446 3094 504 3137 non
526 3076 653 3155 perinde
674 3078 715 3138 ab
741 3076 803 3138 ulto
827 3081 921 3157 poeta
943 3080 1049 3145 melico
1073 3084 1261 3150 Graecorum

132 3182 245 3243 iactum
270 3179 402 3256 memini,
435 3177 580 3260 Horatius
605 3179 631 3238 si
657 3178 727 3240 iilos
751 3180 884 3243 imitatus
911 3186 961 3245 est
981 3185 1116 3248 tortasse
1133 3206 1169 3249 se
1191 3191 1262 3271 ipse

134 3276 350 3364 quodammodo
383 3279 482 3342 votuit
514 3281 669 3357 castigare
707 3280 850 3361 „chartis
884 3283 1054 3350 Socraticis
1088 3307 1167 3370 quac
1196 3309 1261 3354 rem

133 3384 239 3448 melius
260 3383 403 3463 poterant
425 3381 626 3445 ostendere“.

236 3506 269 3548 v.
291 3482 322 3547 5.
366 3483 442 3567 urit]
476 3483 589 3548 tracter
619 3479 673 3561 η’δὲ
693 3489 855 3566 μαραίνει,
887 3487 950 3548 vid.
973 3487 1097 3552 Jacobs.
1126 3492 1164 3554 ad
1190 3491 1262 3555 Anss

135 3591 208 3655 thol.
229 3589 282 3653 Gr.
304 3586 329 3666 Ι,
351 3586 424 3650 214.
446 3586 518 3667 XV,
539 3584 571 3650 3.
596 3587 632 3648 Β.

235 3709 268 3752 r·
293 3687 325 3751 6.
372 3689 525 3769 Glycerae
547 3671 630 3751 nitor
645 3690 837 3770 splendentia
854 3691 950 3753 Pario
963 3713 1118 3754 marmore
1132 3695 1264 3779 patrius]

135 3859 339 3872 μ-

188 3967 219 4034 1)
236 3964 278 4019 lta
294 3961 343 4016 Ion
361 3959 545 4017 chinsica.
566 3962 611 4015 uhi
629 3962 796 4020 Schneidew.
815 3983 840 4036 p.
861 3971 926 4023 128:
953 3959 1190 4022 Commissationes
1215 3984 1266 4040 ap-

240 4048 325 4120 pellat
341 4048 462 4101 iuvenum
481 4048 544 4100 vino
565 4047 712 4104 calidorum
731 4067 921 4122 censorumque
942 4055 1095 4108 inaniores.
1120 4049 1268 4122 Πρόπολοι

239 4131 349 4204 ἐρωτον
366 4136 406 4185 est
423 4134 468 4200 qni
489 4134 586 4185 excitat
604 4148 719 4191 amores.

186 4221 219 4285 2)
235 4218 343 4274 Rufinus
363 4221 390 4271 in
408 4216 514 4271 Anthoi.
539 4215 584 4271 Gn.
605 4217 639 4285 ΙΙ,
660 4225 718 4280 295.
739 4222 783 4276 Bn.

187 4323 214 4387 3)
232 4317 257 4374 tr.
276 4334 299 4372 o.
317 4318 378 4372 huic
397 4319 509 4387 irnperio
530 4334 627 4374 nornen
644 4315 720 4390 ὕβρις
738 4325 891 4392 imponitur.
923 4323 1106 4381 Heindorf.
