2768 4838
183 236 227 301 48

184 425 254 490 nllril
280 430 402 513 praeter
421 428 553 488 vaticinii
577 428 698 486 turmam
720 442 873 487 commune
894 424 989 488 luisse
1010 429 1132 490 carmini
1145 429 1320 493 Horatiano

184 550 248 593 cum
269 527 494 608 Bacchylidem,
526 547 589 590 eum
612 531 715 592 cetera
739 529 805 589 iere
830 530 927 589 omnia
950 548 991 590 ex
1015 531 1082 610 tuso
1105 533 1207 612 notius
1231 533 1319 594 llo-

184 654 283 697 mero
307 634 399 697 ducta
422 629 581 694 videantur
605 633 637 690 et
657 631 699 692 ita
716 631 847 711 quidem,
871 635 902 692 ut
925 634 1096 695 sententiae
1110 632 1218 695 nullam
1238 654 1318 696 eon-

184 738 300 801 tineant
328 729 521 809 dilogiam¹b
575 731 650 793 Nam
674 733 838 813 lloratius,
870 753 958 816 quem
983 736 1114 796 Homero
1146 734 1317 798 lectitando

184 838 304 900 multam
329 853 451 915 operam
473 851 607 894 navasse
632 838 662 897 et
685 837 712 896 in
734 838 887 916 prioribus
910 840 1088 901 carminibus
1111 837 1226 900 melicis
1249 841 1317 901 suis

182 941 259 1004 bunc
283 939 468 1021 potissimum
488 935 629 998 inultatum
655 956 725 998 esse
748 939 859 1000 seimus
870 938 954 1022 [vid.
963 943 1102 1004 Prooem.
1115 954 1221 1020 p.xnr.
1237 940 1316 1024 sm),

184 1063 271 1126 quum
290 1038 370 1122 apud
394 1057 458 1123 ounr
479 1040 647 1118 reperisset
667 1041 695 1100 iu
711 1039 827 1120 Odyss.
850 1042 904 1122 Ν,
927 1041 991 1106 472
1014 1061 1102 1126 seqq.
1127 1044 1314 1105 Proteum

185 1143 343 1209 vatleinari
366 1141 521 1220 Menelao,
549 1141 622 1202 illud
642 1145 759 1224 quidem
784 1146 954 1226 exemplum
974 1147 1054 1208 bene
1076 1162 1112 1206 se
1132 1146 1317 1208 imitaturum

184 1247 335 1331 speravit,
363 1262 451 1325 quum
465 1243 583 1307 Helena
598 1251 687 1324 raptu
704 1246 843 1308 Paridem
864 1253 897 1311 et
912 1249 1090 1327 bereum,
1114 1247 1203 1310 alium
1225 1249 1316 1312 deum

184 1349 325 1411 nrorinunr
346 1348 378 1406 et
399 1352 499 1407 vatem
525 1343 820 1428 antiquissinrunr²)‚
841 1351 929 1427 simili
951 1350 1079 1414 oonsilio
1101 1355 1317 1429 componeret:

185 1452 214 1513 id
238 1447 320 1532 quod
341 1445 444 1509 colore
467 1448 519 1509 illo
545 1449 703 1511 ilumerieo
725 1453 956 1534 comprobatur,
989 1472 1048 1536 quo
1074 1454 1168 1516 totum
1191 1471 1316 1516 carmen

185 1555 354 1618 distinctum
374 1557 406 1612 et
427 1554 561 1611 ornatum
584 1553 643 1611 est.
688 1552 847 1636 Quumque
869 1557 964 1617 totum
985 1573 1028 1617 ex
1050 1554 1170 1618 Graeco
1190 1554 1314 1619 drotum

185 1660 214 1720 tn
234 1656 415 1732 argumento
437 1650 506 1712 beto
532 1657 689 1733 versetur,
712 1656 851 1735 primitiis
870 1662 983 1738 poetae
1007 1658 1113 1738 lyricis
1127 1675 1313 1723 annumera-

187 1752 340 1834 verim),
362 1757 395 1816 ut
416 1755 523 1816 similia
544 1753 683 1818 Carmina
706 1755 730 1835 l,
752 1754 785 1819 (i.
811 1760 843 1819 et
865 1757 889 1838 l,
915 1755 967 1822 28.

286 1878 318 1919 v.
345 1855 374 1918 1.
398 1876 445 1938 sq.
490 1854 618 1940 Pastor]
657 1856 745 1919 ParIs
776 1859 944 1932 aGraeols
965 1876 1023 1922 non
1046 1860 1141 1924 semel
1167 1857 1269 1943 Πάρις
1296 1858 1316 1926 ὁ

90 2020 98 2029 ,
185 1954 379 2046 βουκόλος
399 1958 451 2020 vel
474 1957 589 2034 Ἰδαῖος
609 1956 759 2042 μούνας
781 1962 977 2043 appellatus,
999 1961 1087 2026 velut
1108 1963 1146 2025 ab
1168 1947 1321 2043 llurlpidex

90 2110 96 2119 ·
186 2070 216 2131 lrr
239 2065 305 2148 lpb.
327 2063 366 2127 A.
393 2060 567 2127 iseum
589 2063 666 2125 lieo.
689 2062 773 2142 943,
796 2066 935 2146 quoniam
954 2064 984 2126 lu
1006 2063 1059 2128 lda
1081 2067 1181 2127 moute
1202 2066 1316 2143 „eirea

185 2172 274 2234 boum
301 2169 435 2228 armenta
458 2167 657 2227 armentarius
680 2165 828 2229 edbertus
851 2166 966 2246 erat“‚
996 2170 1030 2230 ut
1051 2167 1129 2228 idem
1151 2165 1256 2247 Eurip.
1281 2167 1312 2228 iu

185 2268 261 2353 lpb·
275 2265 320 2329 A.
341 2265 406 2329 575
428 2285 476 2347 sq.
504 2277 537 2329 et
567 2285 616 2327 vs.
640 2265 722 2331 rael
744 2287 810 2349 σιμ
838 2270 895 2330 sed
923 2273 1046 2350 praeter
1068 2272 1190 2333 ceteros
1213 2269 1314 2354 inspi-

186 2372 310 2441 ciendus
326 2370 369 2430 lli
380 2386 423 2430 ou
447 2366 823 2449 iullpitbalamiodebillis
841 2368 1066 2451 erueremur,
1078 2369 1167 2451 ldyll.
1177 2369 1245 2449 Vll,
1255 2369 1314 2434 10:

217 2475 364 2560 “Anonos
382 2466 439 2533 odo
457 2467 621 2534 Ἑλέναν
645 2468 724 2535 ποθ’
744 2468 762 2536 ὁ
783 2471 978 2553 βωκόλος·
1004 2468 1073 2552 r’r'ys
1095 2469 1173 2546 δ’ἒς
1188 2469 1314 2536 Ἴδαν.

184 2580 259 2643 rimu
283 2594 371 2659 quum
393 2573 569 2654 simpliciter
589 2574 738 2653 βουκόλον,
762 2576 887 2657 perinde
909 2579 1001 2655 atque
1017 2573 1313 2655 lloratiuspasto-

184 2701 278 2761 rem,
307 2696 364 2739 non
394 2676 496 2739 addito
517 2677 634 2739 nouriue
663 2682 757 2740 vocet
777 2682 809 2740 et
831 2676 870 2741 ad
893 2678 1025 2737 ceteram
1044 2675 1203 2738 verborum
1225 2678 1313 2738 simi-

183 2788 337 2854 litudinem
359 2780 416 2843 bor·
437 2795 556 2860 quoque
578 2779 716 2860 aoeedat,
738 2781 817 2861 quud
833 2779 977 2842 Horatius
1000 2776 1073 2837 illud
1096 2796 1215 2840 earmen
1237 2797 1313 2841 sae-

182 2894 252 2976 pius
274 2888 406 2950 imitatus
425 2883 544 2944 videtur
564 2879 621 2962 [ei.
641 2882 679 2943 ad
703 2880 740 2945 G.
757 2880 781 2959 l,
794 2878 826 2960 8,
847 2877 887 2943 13
910 2875 1015 2959 sumit
1038 2885 1101 2940 non'
1120 2898 1196 2943 sane
1217 2900 1312 2962 pror-

184 3014 238 3057 sus
259 2984 457 3070 improbabile
480 2986 539 3061 est,
563 2983 644 3043 illum
664 2985 692 3043 ei
714 2983 811 3050 locum
829 2983 1023 3044 observatum
1046 2998 1117 3043 esse
1139 2980 1215 3046 baee
1229 2985 1312 3046 sori-

183 3093 285 3158 beuti:

282 3190 423 3252 Pastor
448 3203 555 3267 quum
581 3182 769 3245 traheret
788 3200 862 3264 per
885 3186 998 3248 treta
1022 3186 1195 3249 navibus

285 3290 420 3353 idaeis
442 3286 630 3349 Helenen.

181 3397 327 3478 idemque
349 3388 601 3452 trabere-dieitur
624 3389 715 3468 peri
721 3388 810 3448 idus
840 3384 1034 3466 bospitam
1059 3392 1200 3470 tanquam
1219 3390 1312 3463 ξενα-

188 3549 392 3569 ’ῤ-

240 3633 272 3711 r)
287 3631 320 3687 lit
339 3645 402 3688 rere
421 3629 523 3682 monuit
541 3623 587 3679 Pir.
606 3623 836 3678 Buttmanuus
859 3622 888 3673 in
905 3618 990 3691 Mytlr.
1009 3619 1031 3687 Ι,
1052 3639 1077 3691 p.
1097 3626 1149 3679 325
1166 3637 1207 3690 sq.

233 3722 266 3788 2)
284 3716 415 3770 llomerus
435 3716 463 3766 in
481 3711 513 3770 ll,
532 3709 640 3773 livill,
661 3711 720 3764 141.
746 3712 825 3760 vooat
839 3722 897 3760 eum
916 3708 1074 3776 simpliciter
1092 3706 1203 3777 γέρονθ’
1222 3698 1312 3763 ἅλιον,

288 3797 468 3854 Hesiodus
487 3803 574 3852 auten
595 3797 621 3849 in
640 3792 690 3847 Tb.
711 3798 763 3847 233
782 3807 841 3861 sqq.
866 3791 977 3846 eundem
996 3794 1149 3847 aoeuratius
1165 3788 1312 3857 describit:

284 3878 405 3951 ἀψευδέα
424 3888 469 3936 sal
488 3879 596 3948 dimota
612 3907 647 3921 ’-
670 3878 786 3946 γέροντα
803 3876 861 3929 κτλ.
880 3879 996 3948 itemque
1015 3877 1147 3933 Pindarus
1166 3873 1194 3931 P.
1204 3862 1256 3940 lit,
1265 3879 1311 3932 92.

287 3969 383 4039 Νηρέα
411 3963 556 4036 εὔβουλον,
587 3967 664 4031 eique
694 3960 789 4015 melius
813 3962 992 4017 conveniebat
1018 3963 1113 4018 tinctus
1140 3975 1312 4031 oenponere,

288 4067 367 4128 quum
384 4050 500 4105 tridente
518 4051 662 4101 instructus
681 4049 761 4110 esset,
781 4061 805 4098 v.
825 4044 901 4117 Virg.
922 4046 953 4100 Α.
972 4047 1008 4114 11,
1026 4051 1087 4107 419.

235 4157 266 4224 o)
282 4149 446 4207 Kirobmrus
475 4147 559 4199 refert
585 4144 620 4198 au
645 4159 670 4196 a.
695 4159 719 4197 u.
747 4159 769 4196 c.
794 4152 857 4202 723.
900 4145 1040 4201 eonsemn
1069 4143 1256 4200 Laebmamm
1285 4144 1313 4194 ιιι

288 4234 373 4304 Epist.
391 4231 426 4285 ad
444 4228 587 4284 Franlrium
608 4246 632 4297 p.
652 4234 711 4286 238.
730 4229 852 4284 seribeus
873 4234 943 4286 inter
961 4235 1048 4301 prima
1067 4246 1136 4304 quae
1153 4233 1234 4300 poeta
1253 4231 1312 4281 ten-

288 4322 353 4374 tarit
372 4314 541 4372 referendum
559 4329 628 4371 esse,
