2768 4838
125 255 167 322 26

132 452 238 512 uetera
261 445 393 508 onnittam
407 441 452 526 ι),
484 461 522 505 ne
543 443 617 506 illud
636 443 754 524 quidem
775 448 905 526 constet,
928 448 1007 530 qnod
1022 447 1181 511 Bentleius
1204 467 1262 530 pro

133 550 320 629 gravissimo
342 564 417 609 suae
437 547 695 627 interpretationis
715 547 906 611 fundamento
930 552 1050 632 posuit,
1071 551 1115 612 ita
1137 550 1264 614 locutos

134 671 206 715 esse
229 652 382 715 Graecos:
403 649 616 732 παραθέσθαι
634 650 788 731 στέφανον
806 659 874 722 ταῖς
894 647 1011 732 κόμαις.
1048 650 1263 735 Comparare·

134 761 184 821 rat
212 757 288 818 enim
310 751 411 816 Bentl.
432 750 577 832 Sapphus
608 753 721 830 fragm.
743 749 796 813 44.
820 751 936 833 Neue,
967 753 1262 820 onestrudem:

135 855 182 924 Ed
203 862 236 924 δὲ
255 848 473 938 στεφάνοιςῖ),
495 847 670 934 dread,
695 855 862 935 περθέσθ’
886 853 1013 936 ἐραταῖς
1033 854 1192 938 φόβαισιν.
1216 859 1264 922 At

134 963 192 1028 Ιιοσ
212 964 308 1045 ipsum
332 959 459 1021 uerbum
483 962 724 1041 παρατίθεσθαι
749 957 839 1019 hodie
861 957 930 1020 VV.
953 959 1024 1020 Dl).
1048 961 1263 1044 ex·Sapphus

133 1069 202 1132 loeo
226 1063 420 1146 expulerunt,
442 1062 606 1124 substituto
632 1077 689 1141 pro
712 1077 750 1122 eo
778 1059 990 1140 περθέσθ’
1018 1062 1097 1126 ἰ.·σ.
1125 1067 1262 1148 περιθέ-

133 1176 225 1235 σθαι.
268 1156 342 1230 Nam
363 1182 495 1229 coronae
517 1164 611 1228 cuiuis
633 1167 784 1240 τίθενται,
804 1161 1008 1242 διατίθενται,
1029 1160 1266 1260 ἄμφιτίθενται,

133 1276 363 1358 περιτίθενται,
386 1271 419 1329 et
437 1267 481 1329 sio
498 1266 692 1339 sexcenties3
713 1271 941 1345 παρατεθεῖσαι
954 1269 1086 1345 eogitari
1106 1287 1167 1331 non
1180 1289 1262 1352 pos-

135 1372 257 1457 sunt4).
299 1369 415 1455 Quodsi
437 1370 469 1429 tu
493 1368 586 1428 tutius
607 1367 665 1428 ibis
688 1385 753 1430 eum
776 1366 895 1445 Magno
914 1365 1123 1451 Bernhardyo,
1148 1374 1262 1436 undi-

136 1497 209 1564 qne
238 1474 467 1553 decerptam
490 1468 674 1531 Graecorum
700 1487 784 1531 more
803 1469 955 1553 'modoque
980 1472 1017 1533 de
1040 1472 1175 1536 flosuulis
1200 1475 1264 1537 illis

136 1579 292 1662 decerptis
313 1594 355 1637 ex
378 1573 491 1655 prato
510 1588 684 1651 poeseos
707 1591 734 1632 ε.
758 1571 953 1635 Musarum
979 1571 1155 1656 [mllluret.
1172 1576 1263 1653 V.L‚

137 1681 230 1761 vnn,
257 1679 332 1742 uo
353 1655 500 1738 ualerent
524 1674 553 1734 n
577 1673 682 1754 ειπερ.
704 1673 798 1756 mpp.
819 1671 872 1738 τε.
900 1675 950 1738 cu.
974 1674 1012 1740 ο.
1036 1675 1069 1757 1,
1093 1675 1153 1760 eo,
1174 1676 1209 1742 o.
1233 1682 1267 1743 et

138 1786 205 1852 cio.
228 1780 351 1864 pSest.
368 1775 420 1842 56.
443 1775 477 1860 S.
492 1776 502 1837 Ι
515 1773 598 1858 Ι9.],
620 1777 635 1837 ἰ
641 1780 745 1843 ronti
767 1782 864 1841 autem
887 1779 932 1841 εἰσ
954 1781 1079 1860 proprie
1099 1780 1138 1842 d'e
1158 1782 1265 1848 fronte

135 1884 335 1953 libri'dietunr
358 1897 430 1942 esse
450 1879 608 1958 intelliges
629 1896 671 1941 ex
693 1879 786 1943 Ouid.
809 1879 907 1944 Trist·
930 1879 962 1958 1,
990 1882 1023 1960 Ι,
1046 1879 1069 1946 8
1089 1902 1158 1967 sqq.
1182 1889 1217 1950 et
1239 1886 1265 1967 l,

156 2036 166 2074 l
218 2089 285 2151 llos
309 2104 427 2168 quoquo
448 2104 507 2148 sex
529 2105 652 2168 versus,
677 2089 712 2150 in
735 2090 861 2170 prima
882 2088 1020 2150 ironte
1039 2087 1175 2150 libelli

263 2189 298 2250 Si
320 2189 622 2268 praeponendos
647 2207 718 2251 esse
739 2191 871 2269 putabis,
893 2190 989 2252 trahe.-

134 2297 195 2358 lam
218 2308 294 2354 vero
319 2305 396 2370 quae
417 2293 585 2372 sequuntur
605 2292 702 2353 verba
724 2292 914 2357 Plurimus
939 2296 976 2356 in
999 2295 1164 2359 lunonis
1185 2292 1263 2356 lto·

136 2412 284 2471 uorem,
314 2391 453 2471 Aptnm
481 2391 586 2454 dioet
614 2395 728 2474 equis
750 2393 884 2472 Argos
917 2400 977 2459 eto.
996 2378 1133 2461 eiusdem
1156 2397 1263 2460 Bern-

136 2496 284 2576 hardyi
313 2494 459 2570 vestigiis
487 2494 590 2574 primis
612 2494 756 2556 insistens
778 2497 823 2558 εἰσ
847 2497 1031 2579 interpretor
1058 2501 1176 2582 „Alius
1198 2500 1263 2583 ³¹¹?

136 2603 222 2686 quis,
249 2598 298 2681 qui
330 2595 475 2678 plurimus
496 2597 613 2660 feretur
642 2598 671 2658 in
695 2597 816 2660 lunonis
842 2603 1117 2682 praedicationem,
1146 2602 1264 2666 dicet.“

137 2707 183 2769 lta
202 2701 335 2784 explico,
359 2699 402 2760 uti
425 2702 564 2780 apparet,
589 2717 630 2760 ex
644 2699 830 2783 (dracoleno,
855 2704 907 2786 qui
928 2709 1012 2768 certe
1035 2705 1083 2768 hio
1102 2704 1172 2767 mihi
1185 2703 1263 2787 plu-

137 2810 180 2872 ris
212 2806 262 2868 est
285 2821 371 2884 quam
398 2801 510 2863 multae
539 2800 610 2863 tilae
638 2821 674 2864 ao
696 2806 800 2864 variae
821 2803 1026 2887 interpretum
1055 2796 1261 2889 opinationes,

135 2908 282 2991 siquidem
303 2904 448 2966 Horatius
474 2906 504 2964 in
533 2905 628 2984 primo
651 2902 819 2968 carminum
843 2907 920 2972 libro
951 2911 1017 2972 iere
1039 2911 1123 2972 totus
1144 2909 1265 2990 pendet

138 3032 155 3076 e
177 3008 316 3074 Graecis.
358 3006 412 3067 Sto
433 3007 510 3066 enim
535 3003 646 3068 Graeci
664 3006 842 3087 loquentum
872 3010 969 3086 ποίῠς
998 3011 1049 3074 vel
1070 3013 1184 3074 πλείων
1207 3014 1264 3073 ιιαί

136 3116 249 3178 πλείων
273 3099 356 3190 ῥεΐό
376 3100 533 3187 ποταμὸς,
562 3106 669 3168 deinde
697 3103 794 3182 πσλῦς
817 3111 897 3190 λέγω
926 3116 958 3175 et
979 3105 1075 3186 notia·
1096 3108 1263 3195 ὖμτοῦμαι.

139 3211 289 3294 Aeschyl.
315 3207 405 3289 Sept.
428 3205 466 3286 5,
494 3207 543 3268 ubi
572 3208 636 3269 vid.
665 3209 793 3290 Blomt.,
824 3211 941 3278 Calllm.
973 3216 1010 3297 ir,
1044 3213 1116 3277 115.
1147 3212 1262 3276 Bernln.

137 3321 229 3402 synt.
248 3337 280 3397 p.
297 3309 377 3389 335,
406 3309 483 3370 idem
505 3308 660 3372 Eratosth.
684 3330 713 3391 p.
735 3309 805 3376 188.
830 3313 964 3395 Krtlger.
990 3316 1045 3380 Gr.
1070 3317 1104 3402 ᾗ
1116 3315 1168 3397 57,
1184 3315 1261 3397 5,1.

135 3423 271 3504 ltenuque
292 3412 389 3478 Latini
409 3410 555 3473 interdum
583 3430 641 3493 per
663 3412 877 3477 Hellenismum
901 3419 1092 3499 protulerunt
1114 3417 1261 3482 multus

136 3530 170 3590 ot
196 3521 402 3606 plurimus,
438 3515 614 3595 „intensam
650 3515 710 3576 vim
737 3519 770 3580 et
796 3521 925 3583 studium
957 3521 1137 3586 notantes.“
1186 3519 1260 3581 Vid.

136 3626 253 3691 Veelnn.
276 3618 429 3684 Hellenol.
451 3637 483 3698 p.
504 3615 587 3697 417,
615 3619 700 3678 ouius
729 3618 880 3702 exemplis
902 3621 997 3685 addas
1019 3621 1111 3685 Ouid.
1133 3617 1179 3682 Μ.
1201 3618 1261 3701 xi,

138 3790 342 3806 ...qu—‘¹³-

186 3883 217 3953 1)
238 3877 463 3939 Vid..Gesnerum
482 3895 498 3935 a
515 3880 691 3952 Bernhardyo
709 3883 845 3939 laudatum
862 3891 889 3942 et
908 3864 1122 3956 Peerlkampium
1134 3878 1174 3951 αἰ
1195 3881 1221 3938 h.
1241 3883 1260 3938 ἰ.

186 3983 218 4052 2)
230 3981 403 4036 Aoousatirua
423 3980 566 4046 Aeolicus,
596 3994 654 4034 oum
676 3981 807 4038 infinitivo
819 4040 822 4047 ,
835 3990 1018 4052 constructus,
1041 3987 1087 4055 qui
1106 3999 1139 4037 ex
1158 3983 1261 4036 ueteris

235 4066 367 4123 sermonis
386 4064 578 4147 consuetudine
595 4067 746 4134 imperativi
765 4069 847 4123 vieem
867 4069 967 4139 implet.

185 4164 216 4234 3)
233 4162 282 4220 llel
304 4163 332 4218 ld
351 4161 563 4234 ὔπακσριστιιιὸν
588 4156 702 4220 nominis
720 4163 879 4221 Μνασιδίκα
904 4165 954 4234 (lu.
972 4166 1040 4237 66),
1068 4166 1140 4237 quod
1160 4163 1260 4221 Ouidio

233 4247 324 4304 Mnais
346 4251 395 4302 est.
415 4243 634 4300 Schneiden.

179 4346 210 4406 4)
230 4344 289 4400 th.
309 4344 411 4400 Neue.
432 4361 458 4413 p·
475 4348 518 4402 65.
