2768 4838
189 239 233 305 34

187 431 297 511 μέλεα,
324 424 401 509 γόνυ
425 421 557 508 χλωρόν,
582 422 703 510 χλωρόν
733 422 811 508 αἷμα
840 426 991 510 (Theuer.
1012 428 1071 506 27,
1095 427 1150 492 66.
1183 430 1240 511 14,
1266 431 1322 495 70.

188 530 287 611 Soph.
316 528 428 593 Trauh.
463 529 570 605 1055).
629 531 706 593 Hluc
737 529 901 595 Chloris
939 530 1020 593 dicta
1049 534 1187 615 ratioque
1216 533 1325 597 lraloita

189 631 426 695 Thaliarulri
455 633 580 695 nominis
608 629 742 715 (θαλίας
763 630 888 716 ἀργός).
944 631 1010 696 (ll'r.
1038 634 1138 714 llpod.
1162 633 1220 716 13,
1246 636 1324 700 det

141 723 143 726 Α
187 735 320 800 llxcurs.
339 733 380 796 ll.

291 856 324 901 v.
340 832 401 923 ·,19.
428 837 515 899 leucu
531 835 667 921 susurri]
691 841 912 923 ψιθυρίσματοι
937 862 968 888 =
992 834 1142 920 όαρισμοί
1163 834 1320 919 (Theour.

189 939 242 1021 27,
264 936 333 1022 67).

411 1198 415 1203 .
545 1127 802 1225 darual,
833 1127 893 1225 10,
981 1069 985 1075 Ι

288 1254 458 1338 „Hymnus
475 1255 505 1316 iu
519 1255 699 1320 Mercurium
716 1260 753 1321 ab
770 1261 923 1324 Alcaco
946 1257 1044 1338 lyrico
1067 1257 1195 1338 pocta.“
1218 1259 1318 1322 l'or-
1358 1220 1361 1224 Δ

187 1360 297 1443 phyr.
341 1358 409 1420 Hoc
433 1357 588 1444 coufirmat
611 1361 777 1426 Pausanias
800 1362 876 1441 Vll,
900 1359 960 1423 20:
998 1364 1090 1440 βουσὶ
1110 1354 1190 1442 γάρ’
1195 1363 1319 1443 χαίρειν

186 1458 322 1544 μάλιστα
331 1455 507 1522 Ἀπόλλωνα
531 1455 598 1537 (τόν
609 1459 744 1542 Νόμιον)
762 1461 905 1538 Ἀλκαῖός
926 1487 959 1526 τε
976 1459 1124 1538 ἐδήλωσεν
1140 1461 1318 1549 ὲνὝμνῳ

66 1626 73 1638 ,
185 1569 238 1651 τῷ
261 1558 482 1641 οἰςἜρμῆν
506 1558 1014 1647 γρόψας,α1ςό(Ερμῆςβοός
1037 1561 1320 1644 όμὲλοιτοτοῦ

185 1661 445 1736 Ἀπόλλωνος.
469 1662 693 1729 celebraverat
714 1670 807 1747 poeta
821 1667 950 1729 Lesbius
968 1665 1082 1747 Ἑρμοῦ
1101 1659 1196 1747 γονός
1209 1667 1317 1744 (teste

53 1792 56 1797 ·
185 1767 352 1832 Menandro
374 1765 466 1831 Rhet.
489 1765 545 1845 lX,
574 1767 647 1831 149.
670 1768 806 1844 wala),
830 1774 950 1850 raptura
971 1770 1062 1831 boum
1087 1767 1316 1848 Apollinearuur

185 1871 333 1953 (Pausau.
355 1869 378 1930 l.
397 1889 425 1932 c.
452 1871 483 1929 et
499 1868 657 1950 'Porphyn
682 1870 719 1931 ad
743 1871 815 1934 Hor.
838 1890 886 1934 us.
907 1870 945 1935 9:
975 1870 1078 1932 labula
1099 1870 1175 1932 llaec
1192 1870 1230 1932 ab
1250 1869 1315 1932 Al-

185 1992 260 2039 caeo
289 1971 391 2047 ficta),
419 1970 549 2052 dedique
576 1974 855 2052 praestantissimas
882 1974 931 2036 dei
962 1975 1093 2035 virtutes
1122 1969 1315 2051 (arroux,

183 2075 260 2140 425.
286 2074 342 2138 C.:
361 2068 505 2146 Ἀλκαῖος
526 2069 580 2136 τόν
598 2071 710 2157 Ἑρμῆν
729 2072 841 2156 εἷςόγιι
859 2079 947 2140 ,θεῶν
966 2072 1135 2156 οἰνοχόον).
1173 2068 1314 2135 Exordi-

184 2185 234 2244 tur
246 2177 391 2239 Horatius
414 2175 660 2256 similiteratque
674 2175 728 2237 ulo·
742 2196 761 2238 a
776 2176 921 2241 Mercurii
940 2194 1068 2257 genere,
1092 2174 1199 2236 deiude
1216 2190 1314 2254 prac-

184 2281 267 2345 dlcat
289 2295 356 2339 eum
378 2279 515 2357 tauquam
538 2277 624 2337 deum
648 2273 765 2357 λόγιον,
788 2277 966 2362 ἐναγώνιον,
988 2281 1071 2344 θεῶν
1092 2271 1226 2358 ιυὶρυκα,
1250 2279 1313 2340 tum

183 2379 321 2464 pluribus
341 2381 482 2459 tauquam
502 2375 739 2462 ποικιλομήτην,
779 2383 860 2464 quod
890 2384 987 2463 ipsum
1017 2379 1134 2445 duobus
1156 2379 1314 2460 exemplis

183 2483 315 2546 exornat
338 2478 462 2540 eundem
486 2479 632 2542 Alcaeum
664 2488 815 2564 exparte
837 2487 982 2564 secutus,
1014 2483 1141 2563 deuique
1171 2484 1313 2563 tauquam

181 2581 316 2668 χθόνιον
344 2600 370 2643 s.
391 2575 604 2663 ψυχοπομπὸν
626 2582 769 2648 dilaudat.
814 2588 879 2651 Sed
902 2587 980 2648 idom
1000 2585 1059 2648 hoc
1082 2603 1200 2647 carmen
1222 2603 1312 2666 quum

181 2686 326 2751 refertum
355 2685 397 2748 sit
424 2683 656 2748 Homericae
686 2689 866 2751 imitationis
890 2689 1035 2766 vestigiis
1068 2690 1100 2750 et
1131 2687 1221 2768 plura
1250 2704 1311 2750 nou

180 2790 351 2867 contiueat,
384 2805 462 2869 quae
493 2788 530 2850 ab
554 2787 672 2851 Alcaeo
701 2794 932 2854 commemorata
959 2807 1032 2851 esse
1060 2788 1148 2850 modo
1170 2787 1311 2868 vidimus,

179 2911 240 2958 nou
260 2893 368 2973 potest
396 2892 520 2969 „totum
543 2909 593 2952 ex
622 2889 742 2977 Alcaeo
766 2882 946 2972 expressuri
974 2890 1093 2969 esse“‚
1119 2890 1199 2972 quod
1227 2891 1313 2954 Por·

99 3000 106 3077 f
180 2994 338 3078 phyrionis
369 2993 540 3053 testimonio
570 2993 682 3053 indocti
707 2993 963 3058 lllitscherlichius
1001 2996 1033 3055 et
1052 2989 1312 3075 Groteieudus.1)

66 3100 70 3109 '
180 3102 296 3161 temere
318 3094 432 3174 opinati
454 3096 532 3157 suut.
576 3093 693 3156 luitium
716 3095 817 3176 dymni
833 3097 951 3160 Alcaici
966 3097 1101 3158 fortasse
1123 3096 1181 3159 luit
1196 3095 1311 3172 fragm.

82 3248 97 3269 .
181 3199 236 3264 22.
255 3196 375 3275 Marto,
403 3195 435 3257 2.
458 3195 641 3275 SclreideW.,
664 3198 770 3260 eodem
792 3204 889 3263 metro
913 3197 1069 3279 Sapphico
1093 3197 1313 3277 couscriptum

352 3301 457 3382 Χαῖρε
481 3296 640 3373 Κυλλάνας
661 3296 678 3362 ό
699 3302 817 3381 μέδεις,
837 3306 875 3366 σὲ
895 3297 957 3385 γάρ
977 3325 1040 3380 μοι.

283 3421 316 3464 v.
339 3401 370 3464 1.
390 3417 459 3481 sqq.
480 3399 684 3464 Facundus
698 3403 868 3467 Mercurius
890 3396 1073 3487 appellatur,
1097 3397 1312 3481 quodGraeuc

177 3502 282 3589 λόγιος
304 3504 387 3566 audit
409 3504 428 3564 i.
452 3519 480 3564 u.
501 3498 596 3584 λόγου
617 3504 746 3589 ἔφορος,
769 3507 972 3589 eloquentiae.
994 3521 1124 3586 praeces
1151 3519 1179 3562 s.
1208 3519 1313 3582 „scu

178 3628 295 3671 monum
324 3605 446 3684 deus“,
475 3609 508 3668 ut
536 3607 579 3668 alt
607 3607 738 3670 Servius
768 3609 806 3670 ad
828 3600 909 3671 Acu.
938 3606 985 3688 11,
1016 3603 1094 3670 293.
1134 3604 1201 3667 .Sio
1230 3596 1312 3684 apud

177 3711 343 3773 Hesiodum
364 3711 392 3770 iu
416 3708 496 3789 0pp.
518 3705 561 3770 77
583 3726 652 3791 sqq.
675 3710 834 3773 Pandorao
854 3711 1074 3795 haec-munera
1097 3708 1209 3769 douai:
1231 3702 1311 3785 ψεό·

12 3784 17 3793 ¹
84 3854 89 3865 ·
177 3806 440 3892 δεόθάἱμυλιόυς
456 3834 489 3874 τε
511 3807 622 3892 λόγους
642 3816 695 3874 ναὶ
718 3811 886 3877 inlutum
904 3806 1050 3890 ἦθος-
1063 3807 1097 3874 ἓν
1120 3803 1222 3892 δ’όρα
1244 3831 1313 3889 φω-

176 3907 231 3990 orio
262 3912 419 3995 (suadam)
441 3915 526 3991 Θῆκε
554 3918 639 3977 θεῶν
669 3915 774 3997 κῆρυξ.
826 3915 983 3979 Aristides
1005 3912 1059 3976 Or.
1089 3912 1128 3973 do
1156 3908 1248 3973 Polret.
1278 3909 1312 3972 la

232 4165 260 4234 1)
282 4162 333 4225 Qui
358 4163 427 4219 adeo
447 4166 565 4219 carmine
584 4163 690 4219 Horatii
708 4163 811 4222 Graece
832 4173 905 4221 retro
926 4162 1055 4220 vertendo
1073 4161 1167 4216 Alcaei
1184 4156 1311 4229 lr'ymuuru

278 4251 421 4303 restituere
448 4265 528 4318 posse
553 4250 606 4304 sibi
631 4253 704 4305 visus
733 4258 774 4305 ost
801 4255 827 4305 in
856 4243 925 4304 Nor.
950 4250 1008 4303 Act.
1031 4245 1092 4300 Soc.
1121 4244 1181 4299 Lat.
1208 4241 1268 4299 len.
1288 4241 1310 4299 1.

279 4348 304 4399 p.
326 4338 377 4389 223
397 4346 456 4403 sqq.
