2768 4838
1226 248 1266 315 13

242 452 275 498 v.
299 435 350 498 26.
392 441 455 500 ruit
470 459 531 520 per
549 441 677 499 vetitum
696 436 805 522 nefas}
840 439 913 499 Per
937 429 1048 502 diatono
1073 443 1122 502 est
1145 443 1177 502 ul
1199 434 1264 504 διὰ

140 543 224 616 δίκης
245 542 352 618 ἰέναι,
364 543 480 618 βαίνειν
505 537 784 621 (Sophanem.
807 543 877 602 ucr.
898 532 1051 626 (1.1661)
1076 542 1148 622 „lls
1164 545 1265 605 sturni

140 643 168 700 iu
191 640 249 702 den
266 639 440 721 'Abgruud,
465 641 520 703 cilt
541 642 588 703 ins
612 641 788 704 Verdcrhen
811 644 866 706 aui
874 642 951 704 dem
975 642 1079 723 Woge
1100 643 1262 727 (mittelst)
1360 694 1363 717 ,

140 743 327 804 verbotenen
351 743 543 806 Unrechts“.
588 739 653 804 Cir.
676 745 745 807 Sat.
768 745 798 824 l,
822 743 859 824 4,
884 741 928 807 30
943 762 990 825 sq.
1099 784 1102 789 «

239 864 272 905 v.
299 845 352 908 nt.
398 847 501 928 Iapeti
516 842 632 928 genus]
651 912 654 917 ,
672 845 916 924 „Abhdmmliug
938 846 993 907 des
1013 847 1071 908 J.“
1093 850 1142 909 est
1159 846 1261 909 Grae-

137 966 237 1008 corum
260 951 351 1027 γέιος
371 946 476 1029 (Hom.
501 946 558 1009 0d.
590 946 676 1025 XlV,
704 944 778 1010 204.
813 949 916 1030 llnrip.
940 948 1032 1029 Cycl.
1057 945 1129 1011 104.
1152 948 1261 1013 Bacch.

136 1047 226 1129 990.)
257 1051 325 1111 slve
353 1044 452 1133 ιροφὴ
480 1053 512 1111 et
538 1052 653 1132 τροφαὶ
688 1048 800 1130 (Sep-b.
823 1050 859 1113 0.
886 1050 925 1114 H·
949 1049 1004 1134 L).
1049 1048 1114 1114 GH.
1147 1049 1263 1114 catull.

135 1149 251 1230 61,1).
280 1156 313 1214 et
344 1153 500 1214 Heindorf.
531 1152 567 1213 ad
582 1193 587 1202 f
598 1151 633 1213 S.
655 1149 687 1230 1,
707 1149 746 1230 6,
773 1150 822 1225 12.
850 1150 973 1234 (Valeri
998 1152 1127 1234 genus).
1157 1153 1207 1221 De
1228 1172 1261 1216 re

136 1257 237 1314 monet
265 1253 439 1314 Servius
470 1255 505 1315 ad
538 1253 626 1330 Virg.
656 1252 719 1314 Hel.
749 1253 809 1334 Vl,
839 1253 900 1318 42:
937 1251 1164 1335 „Prometheus
1190 1259 1263 1336 post

135 1355 235 1424 factos
257 1374 275 1415 a
298 1375 333 1416 sc
353 1355 487 1417 homiues
507 1356 615 1418 dicitur
635 1353 748 1417 eaelum
763 1357 940 1418 ascendisse
962 1362 995 1419 ct
1010 1357 1141 1420 adhibita
1164 1356 1262 1419 serula
1350 1369 1352 1373 ·

134 1456 171 1518 ad
195 1460 291 1519 rotam
309 1457 393 1520 Solis
415 1458 517 1534 iguem
539 1458 657 1518 furatus
679 1473 767 1530 esse,
789 1475 874 1540 quem
897 1458 1062 1522 hominibus
1083 1457 1262 1539 indicavitl‘,

133 1560 303 1620 secuudum
318 1560 444 1621 Hesiod.
461 1557 527 1640 ’‘Ep.
549 1558 592 1624 50
613 1577 679 1640 sqq.
671 1601 699 1636 .,
722 1560 891 1641 quemipse
917 1559 1087 1646 citat(vid.
1107 1562 1186 1624 intra
1210 1581 1259 1627 vs.

133 1657 212 1743 30),
242 1665 273 1725 et
295 1660 442 1740 Aeschyl.
466 1661 564 1722 Prom.
587 1658 698 1741 Ssqq.
771 1705 772 1708 ¹
824 1706 827 1711 .

236 1782 269 1823 v.
291 1759 343 1824 28.
384 1765 505 1846 fraude
524 1759 623 1844 mutu]
657 1765 733 1848 xuni]
763 1757 881 1850 ἀπάτη,
919 1765 1002 1847 κακῷ
1039 1759 1129 1846 δόλῳ.
1181 1764 1260 1827 lllud

132 1834 285 1940 „mala“
316 1867 421 1927 autem
443 1860 557 1942 ἠθικῶς
587 1864 695 1926 dictum
724 1867 836 1942 puta
829 1885 848 1925 1.
880 1883 909 1927 e.
938 1864 977 1928 ad
1004 1880 1102 1924 mores
1131 1865 1260 1927 Prome-

133 1963 193 2026 thei
226 1984 290 2026 cum
324 1965 433 2028 affectu
463 1964 593 2048 quodam
628 1962 792 2024 notandos.
842 1965 1116 2048 Frequentlssimus
1153 1966 1238 2028 est
1231 1985 1260 2028 ιιι

130 2065 186 2128 hoc
210 2086 264 2127 usu
293 2067 473 2128 Terentius:
495 2085 553 2148 quo
575 2066 728 2148 pertinent
753 2065 831 2146 apud
855 2086 921 2131 eum
945 2066 1052 2152 datlul,
1070 2067 1118 2147 qui
1140 2083 1259 2128 vocan-

131 2173 179 2230 tur
207 2168 316 2249 ethici,
356 2167 463 2248 mihi,
500 2170 571 2232 tibi
604 2170 642 2232 al.
675 2169 744 2230 Vld.
771 2167 879 2231 Bernh.
901 2169 994 2249 sym.
1019 2167 1070 2230 Gr.
1094 2189 1124 2248 p.
1148 2165 1202 2231 84.
1228 2171 1260 2230 et

132 2268 246 2332 Vechn.
270 2271 422 2334 Hcllcnol.
450 2271 483 2351 l,
510 2270 550 2353 2,
570 2270 602 2335 6.
626 2293 658 2352 p.
684 2270 745 2333 175
770 2290 858 2354 seqq.
902 2271 936 2333 ln
960 2270 1016 2332 hac
1038 2270 1134 2347 igitur
1162 2288 1257 2332 ora-

130 2373 237 2433 tione
272 2380 419 2438 morata
448 2393 506 2437 non
538 2375 674 2454 ignobile
701 2377 751 2435 est
781 2372 909 2435 Graecis
944 2372 1124 2433 vocabulum
1155 2367 1258 2447 κακός,

131 2475 243 2537 latinis
263 2476 463 2540 imitatoribus
487 2478 608 2540 malus
629 2482 661 2540 et
681 2474 900 2556 lmprohus,
914 2472 1022 2554 quibus
1046 2474 1172 2536 adiectis
1194 2494 1256 2537 mo-

129 2587 178 2637 tus
201 2579 229 2638 in
252 2580 348 2642 unium
372 2581 531 2660 scriptoris
554 2582 622 2662 ipsa
642 2598 675 2640 re
703 2580 855 2641 excitatus
876 2575 1075 2654 significatur.
1117 2575 1183 2636 Nos
1206 2580 1255 2658 qui

128 2683 183 2739 iam
204 2679 382 2758 longissime
414 2702 431 2744 a
459 2682 645 2761 simplicibus
675 2683 828 2742 veterum·
844 2678 975 2740 moribus
998 2679 1109 2761 remoti
1136 2686 1255 2760 sumus,

127 2779 199 2841 talia
221 2781 312 2844 facile
334 2799 527 2863 supervacua
549 2799 619 2842 esse
640 2782 810 2860 opinamur,
832 2779 968 2859 adeoquo
991 2779 1045 2838 vix
1068 2779 1143 2839 satis
1162 2796 1254 2841 asse-

126 2883 179 2962 qui
200 2901 370 2961 possumus.
413 2884 560 2946 Fortasse
586 2883 702 2943 dixeris
728 2880 887 2960 sahlimm,
907 2897 991 2960 arg,
1000 2878 1119 2939 heillos.
1162 2879 1255 2942 Plura
1370 2968 1376 2976 .

126 2985 512 3066 suppedilabitHoIndori.
534 2985 631 3050 adS.
653 2984 685 3065 l,
711 2983 747 3064 l,
772 2983 825 3045 77.
849 2979 1096 3064 (malochites).

229 3109 259 3150 v.
284 3087 327 3152 30
346 3111 393 3173 sq.
436 3093 552 3153 macies
581 3098 613 3152 et
640 3109 723 3168 noua
747 3089 884 3171 febrium
913 3084 1018 3148 Terris
1044 3085 1184 3146 incubuit
1202 3060 1252 3145 co·
1299 3119 1301 3127 ι

125 3188 210 3274 hors]
256 3192 445 3256 Horatium
437 3211 465 3252 m
487 3191 534 3254 his
555 3191 719 3253 Hesiodum
743 3193 775 3251 et
796 3187 925 3272 Sappho
951 3187 1136 3270 potissimum
1158 3203 1252 3248 secu-

126 3304 186 3354 tum
210 3313 280 3356 csse
303 3295 393 3357 docet
414 3295 549 3357 Servii
571 3298 643 3356 nota
663 3293 701 3355 ad
724 3293 744 3353 l.
771 3292 809 3353 l.:
835 3290 912 3371 „Ob
935 3287 1109 3353 Promethei
1141 3289 1251 3350 furtum

128 3398 195 3459 irati
222 3398 273 3459 Dii
300 3398 359 3462 duo
384 3400 460 3462 mala
484 3400 666 3460 immiserunt
686 3398 793 3475 terris,
822 3395 946 3483 febres,
975 3393 1097 3454 maciem
1119 3392 1151 3450 et
1165 3406 1251 3450 mor

101 3501 198 3580 *hos,
232 3502 312 3565 sicut
341 3505 380 3564 et
404 3499 569 3634 Sappho
598 3503 637 3562 el
664 3478 865 3559 Hesiodus
888 3491 971 3578 (Ἔρ.
994 3487 1251 3573 1001111111-

112 3605 258 3664 rumam.

203 3698 303 3766 ’Ἁλλα
326 3704 360 3765 δὲ
378 3705 475 3786 μυρία
497 3696 595 3782 λυγριι
617 3696 682 3764 κατ’
698 3693 893 3779 ανθρώποιις
918 3693 1087 3773 alm-mm

211 3810 308 3884 Πλείη
331 3807 389 3886 μὲν
410 3799 471 3887 γὰρ
491 3813 569 3886 γαῖα
588 3806 704 3881 κακῶν,
735 3805 822 3878 πλείη
845 3803 879 3864 δὲ
899 3794 1061 3864 θάλασσα.

125 3907 213 3994 Quod
249 3908 351 3986 tangit
383 3911 415 3969 et
443 3907 588 3969 Horatius
617 3907 737 3968 diceus:
775 3904 854 3966 Post
874 3903 977 3980 iguem
999 3899 1089 3964 cet.“
1132 3896 1248 3959 Hesio-

125 4012 191 4073 deis
220 4011 333 4091 addas,
370 4030 448 4093 quae
471 4011 616 4090 deinceps
639 4010 821 4088 sequuntur:
876 4083 879 4088 1

210 4118 362 4178 Notaui
384 4109 417 4177 d'
438 4110 652 4194 ἀνθρώποισιν
675 4105 721 4190 ἐφ’
741 4105 838 4194 ἡμέρῃ
863 4100 912 4183 q'd'
932 4103 985 4168 tut
1008 4107 1107 4185 ιιιιιτὶ1
1134 4098 1136 4103 ⁴

211 4211 393 4296 Λῦτόματοι
414 4215 580 4296 φοιτῶσι
600 4206 677 4276 runci
699 4216 844 4288 θνητοῖσι
864 4208 1025 4290 φέρουσαι.

124 4299 311 4401 Sapphus
339 4319 444 4399 locus,
481 4335 567 4399 quem
597 4315 728 4378 Seruius
756 4329 814 4376 uon
846 4305 991 4390 protulit,
1030 4319 1107 4366 nuno
1132 4298 1248 4382 deper-
