2768 4838
1147 235 1188 300 19

59 405 250 484 Plutonia
280 422 330 478 est
358 416 451 493 igitur
474 435 600 497 prorsus
630 418 818 480 Homericum
843 418 914 481 lllnd
945 415 1042 502 δόμος
1060 417 1189 503 Ἄϊδος,

58 516 136 603 δῶμ’
169 515 297 593 'Attium
335 537 412 601 quae
444 520 580 600 quoniam
609 521 728 602 repleta
760 522 809 580 est
838 520 948 582 umbris
984 522 1186 604 exilibus,

58 625 90 686 b.
117 640 310 704 ‚e.,oorpore
336 621 440 682 nervis
470 623 622 699 sanguine
642 621 832 697 carentibus,
863 622 932 702 ipsa
951 643 1071 709 quoque
1094 628 1186 689 exi-

57 728 112 791 lis
144 728 230 789 recte
258 723 364 786 vocari
394 727 508 804 potest.
568 722 633 804 Res
659 721 815 786 notissima
845 739 888 783 cx
918 722 1041 789 Homeri
1068 728 1188 808 Necyia

57 926 175 997 νεκύων
194 923 370 1011 ἅμενηνδ
391 923 509 1008 κιίρηνα
543 962 554 969 -
590 931 660 1016 σκιῇ
679 927 779 991 eliceto
801 923 820 1002 ἢ
843 931 896 990 καί
918 923 1027 1014 ὀνείρῳ
1049 929 1123 1012 (οδ.
1146 929 1188 1012 Χ,

30 1090 32 1094 ⁴
57 1020 203 1110 naoxi,
216 1029 296 1113 207)
319 1035 351 1093 et
375 1023 554 1112 α’μααροὶ
569 1031 694 1108 νέκυες,
716 1026 834 1116 Sappb.
857 1027 925 1092 loco
947 1032 1004 1094 iam
1022 1030 1188 1101 laudando.

100 1121 103 1127 ’
165 1169 206 1180 ·-
230 1155 289 1218 quc
309 1127 404 1201 simul
425 1135 540 1194 macris
560 1129 638 1215 eto]
668 1132 703 1194 Si
731 1130 770 1193 ael
791 1130 939 1193 Graecum
963 1134 1054 1196 ullum
1078 1152 1188 1197 exem-

57 1237 330 1320 plum'spectavit,
361 1237 446 1298 certe
468 1253 527 1296 non
556 1227 749 1312 Theognidis
785 1251 835 1295 vs.
860 1230 924 1295 973
940 1253 1014 1319 sqq.
1045 1237 1117 1316 luit,
1149 1238 1187 1299 ab

57 1337 178 1414 Orellio
198 1337 299 1417 citati,
321 1337 377 1398 sed
399 1339 534 1425 fortasse
552 1334 737 1418 Sapphus
759 1338 979 1419 fragmentum,
1005 1337 1055 1404 19.
1076 1339 1187 1420 Neue,

57 1439 114 1505 69t
135 1436 330 1504 Schneidew.
354 1459 386 1518 p.
408 1436 489 1517 315,
518 1438 593 1502 boc:
680 1505 682 1509 ,

108 1544 318 1620 Καιθανοίσα
339 1543 372 1605 δὲ
394 1544 509 1604 κείσεαι
530 1536 596 1604 ou'rl'
617 1537 664 1603 ἔτι
684 1561 730 1611 τις
750 1534 936 1620 μναμοσύνα
954 1538 1052 1604 σέθεν

102 1638 202 1706 ἔσσετ’
223 1639 368 1727 οὐδέποτ’Ι
387 1643 431 1715 είς
454 1641 599 1722 ὕστερον·
629 1637 667 1704 co’
686 1634 748 1722 γὰρ
769 1641 909 1722 πεδέχεις
929 1636 1100 1725 βρόδωνί]
1171 1684 1175 1690 ›

101 1751 163 1809 τῶν
192 1742 225 1808 ἐκ
253 1747 401 1824 Πιερίας,
437 1741 500 1822 ‹im‘
527 1738 647 1825 α’φανῆς
676 1739 730 1816 κήν
755 1735 868 1818 ’Ᾱίδα
899 1738 1037 1822 δόμοις

17 1889 20 1892 «
102 1839 312 1930 φοιτᾶσεις
332 1842 414 1909 πεδ’
434 1842 620 1926 α’μανρῶν
643 1841 787 1907 νεκύων
810 1834 1045 1926 ἔκπεπὸταμένα
1061 1843 1102 1928 ²).

163 1969 196 2011 v·
221 1936 270 2012 19.
310 1957 451 2009 tenerum
475 1942 634 2029 Lycidan]
665 1945 735 2021 Viri.
760 1945 838 2008 beu.
858 1946 902 2034 ll.
925 1981 967 2025 -7

152 2071 197 2112 r.
219 2049 272 2112 20.
314 2047 474 2132 tepebunt]
517 2049 674 2130 Tepere
704 2046 788 2107 viro
812 2049 868 2108 ‘est
889 2046 1037 2110 Graecum
1059 2045 1183 2112 citos-

56 2162 160 2233 σθαι,
187 2151 406 2219 ίνᾶιίλπεσθαι
438 2151 547 2236 ἔρωτι,
586 2148 624 2211 tle
661 2148 834 2211 verecundo
872 2149 984 2212 amore'
1009 2151 1188 2233 puellarum,

58 2276 140 2343 quac
168 2256 279 2325 rubore
306 2256 418 2315 tautum
447 2257 539 2334 atqne
555 2252 633 2331 sinu
660 2250 770 2316 leniter
790 2271 938 2334 percusso
960 2257 992 2316 et
1018 2255 1187 2336 palpitante

58 2379 190 2426 amorem
211 2377 296 2429 suum
318 2355 497 2431 ostendunt:
526 2355 622 2435 „deni
645 2354 714 2416 bald
739 2353 813 2417 anob
837 2355 891 2417 oler
913 2355 1104 2434 Jungiranen
1120 2358 1186 2419 Bu-

58 2483 114 2528 sen
138 2481 231 2527 worm
253 2459 319 2523 sicb
341 2458 459 2521 bebend
480 2456 789 2536 entgegenscblagen
812 2457 976 2520 werden.“

498 2673 630 2754 Carni.
657 2676 690 2770 Ι,
716 2677 753 2752 i.

42 2924 46 2929 ,
150 2853 340 2928 ¹(lramlioris
363 2856 395 2916 et
419 2850 656 2934 quodammodo
680 2850 837 2913 domestici
866 2851 1037 2929 argumenti
1061 2850 1189 2915 carmina

60 2956 204 3043 nonnulla
228 2955 333 3042 melica
355 2974 446 3037 quum
471 2955 692 3035 praemisisset,
717 2955 823 3035 quibus
846 2973 956 3016 novum
980 2973 1065 3016 suum
1086 2971 1189 3033 genus

60 3038 284 3123 «luctis-amicis
305 3057 489 3136 Maecenati,
516 3055 643 3120 Caesari
668 3055 850 3138 Octaviano,
870 3056 1014 3137 Virgilio,
1035 3057 1071 3120 L.
1081 3056 1188 3120 Sestio
1240 3138 1243 3143 ἱ

60 3161 252 3244 comprobari
273 3163 305 3224 et
328 3178 430 3222 eorum
452 3161 619 3222 nourinibus
649 3158 717 3222 aliis
738 3160 936 3224 commendari
956 3160 1038 3224 velle
1061 3160 1189 3224 uidere-

166 3459 216 3497 nos
231 3448 404 3513 praesertim,
425 3444 490 3498 nibil
510 3445 677 3515 trequentius
701 3450 758 3507 est,
782 3441 831 3496 sed
855 3444 922 3494 mire
941 3443 1030 3524 tamen
1048 3456 1092 3496 res
1104 3424 1212 3494 inter-¹

167 3535 256 3597 protes
277 3527 404 3582 turbavit.
441 3529 500 3582 Vid.
524 3528 683 3598 llertzberg.
703 3527 737 3580 ad
756 3526 837 3597 Prop.
856 3526 901 3592 lV,
921 3534 969 3591 11,
996 3534 1009 3581 i
1029 3529 1056 3578 et
1073 3523 1191 3579 eiusdem

69 3626 79 3637 ·
166 3609 251 3662 iiboii.
269 3610 302 3664 de
320 3610 377 3664 Diis
397 3609 498 3664 Patriis'
513 3611 540 3676 l,
567 3622 590 3667 1.
611 3629 636 3682 p.
655 3617 680 3669 6,

116 3711 146 3778 1)
173 3706 350 3777 Opponnntur
368 3708 434 3764 liaeo
448 3713 636 3779 praegressis,
654 3704 772 3783 quorum
785 3710 851 3764 baec
869 3711 926 3765 iere
943 3709 1025 3775 inerit
1039 3713 1188 3775 sententia:

167 3792 240 3858 „Ut
264 3809 353 3848 nunc
386 3794 575 3849 fortunata
604 3795 777 3862 habeare,
813 3802 848 3850 at
876 3800 1014 3850 mortua
1049 3793 1189 3850 iacebis

168 3876 355 3932 oblivione
382 3878 539 3932 obruta“
566 3879 644 3934 Sobn.
681 3881 834 3951 Alloquitur
859 3886 947 3934 autem
971 3883 1078 3949 poetria
1095 3879 1188 3934 mulie-

139 3967 140 3970 ’
168 3977 223 4014 rem
249 3967 351 4017 musica
376 3970 435 4018 arte
459 3979 512 4017 nou
538 3961 669 4016 cruditam
697 3968 723 4016 et
747 3979 813 4019 suae
831 3963 904 4018 laudi
922 3967 1046 4034 vitaeque
1071 3964 1188 4018 fortasse

168 4045 376 4114 obtrectantem,
400 4051 479 4119 quasi
498 4061 531 4102 ca
549 4063 618 4101 nuno
635 4049 720 4116 ipsum
738 4047 821 4102 adsit.-
855 4044 921 4103 liino
939 4062 1068 4119 praesens
1084 4052 1188 4116 tempus

166 4129 344 4202 πεδέχεις,
363 4137 380 4188 i.
399 4148 423 4189 e.
443 4132 591 4201 μετέχειν,
613 4131 807 4201 explicandum.
826 4162 860 4172 —
884 4129 1024 4205 βρδδαν
1041 4150 1077 4180 =
1093 4128 1190 4203 ῥίδαν.

113 4229 146 4298 2)
164 4228 251 4283 Vertit
262 4229 481 4285 Schneidewinus
493 4228 598 4283 Horatii
617 4246 732 4284 mernor:
752 4230 911 4286 Obscura
931 4231 1037 4285 etiam
1057 4244 1120 4299 per
1137 4228 1198 4312 lli-¹

167 4315 215 4367 tis
234 4314 351 4377 domos
371 4320 466 4371 inter
485 4315 597 4370 exiles
616 4314 755 4370 umbras
774 4316 918 4371 errabis
946 4328 1086 4371 vecors.
