2768 4838
1234 229 1277 297 55

147 417 204 481 per
225 401 479 483 comparationem
501 402 614 471 extulit
635 407 739 495 poeta.
782 404 939 472 blits'cb.
957 416 1013 468 .’“-
1057 412 1272 500 Dindymene]

148 500 323 584 Δινδυμήνῃ
345 523 372 564 s.
395 506 531 584 Καβηλῖς
554 501 651 588 Ῥεία,
675 551 696 589 „
706 508 896 590 Dindymene
916 510 1062 576 domlndt“
1080 513 1203 580 Catullo
1215 515 1271 600 63,

147 600 230 685 13(α
244 603 407 686 Dindymo,
432 605 589 686 Phrygiae
612 611 712 673 monte
733 629 830 692 prope
853 613 1073 700 Pessinuntem,
1095 619 1146 680 ubi
1168 614 1275 702 potis-'

146 706 249 766 simum
271 705 460 788 colebatur),
488 711 573 771 cuius
596 711 672 784 deae
695 714 885 795 sacerdotes,
911 714 1110 799 Κορύβαντες
1131 724 1163 786 ct
1181 723 1271 785 iidem

144 804 255 872 Γάλλοι
279 808 435 890 appellati,
457 810 487 870 iu
508 812 574 872 elus
588 815 686 876 sacris
702 812 846 897 κύμβαλα
867 814 1062 903 ὄξῦφθογγα,
1076 820 1271 902 χαλιεόιωτα

142 909 279 1003 [acuta
300 909 411 994 aera)
441 912 600 994 pulsantes
621 918 734 979 animos
755 919 860 980 furore
882 921 1010 1000 quodam
1023 924 1137 986 'insano
1159 925 1268 1008 imple-

142 1006 225 1092 bant,
248 1011 311 1074 vid.
333 1013 414 1076 Plat.
436 1014 505 1076 Jon.
527 1035 559 1096 p.
581 1014 645 1080 533
664 1018 701 1079 Ε.
724 1037 774 1100 ap.
799 1018 935 1084 Orellet
956 1023 996 1085 ci.
1019 1025 1058 1086 ad
1080 1045 1111 1088 v.
1135 1023 1167 1090 8.

86 1146 89 1151 -
245 1133 278 1175 v.
298 1112 330 1177 6.
373 1119 476 1179 incola
500 1116 646 1202 Pptlciuc]
670 1120 754 1184 Nota
775 1122 828 1185 illa
841 1121 964 1200 Virgilii
986 1123 1024 1185 de
1045 1124 1169 1207 Sibylla
1188 1125 1270 1195 Aeo.

142 1211 197 1294 Vl,
221 1212 265 1276 77
286 1234 333 1298 sq.
356 1220 389 1281 et
409 1217 484 1290 haec
504 1219 630 1300 perinde
652 1220 733 1284 dicta
755 1228 844 1303 sunt,
865 1227 898 1288 ut
922 1223 1033 1288 Gracci
1053 1228 1083 1287 in
1109 1229 1213 1291 cadem
1228 1247 1269 1292 re

140 1318 283 1382 solebant
310 1320 411 1384 dicere
440 1321 583 1402 dcccxciv,
614 1322 847 1406 ἐνδιαιτᾶσθαι,
870 1324 1016 1405 ἕιααλον,
1041 1325 1185 1395 σύνοικον
1207 1335 1268 1397 eto.

141 1419 254 1482 Verum
270 1422 328 1482 iam
349 1423 656 1487 viditDorvillius
680 1426 720 1487 ad
736 1425 891 1490 Chariton.
913 1447 945 1509 p.
958 1426 1021 1490 521
1042 1448 1088 1512 sq.
1111 1431 1269 1516 edlaips,

139 1541 315 1605 quamquam
337 1542 393 1586 nec
415 1525 480 1586 eius
503 1528 676 1613 coniectura
698 1527 836 1592 incola
859 1531 1004 1594 mentis
1028 1549 1104 1612 opus
1128 1533 1187 1598 fuit
1209 1553 1268 1598 uec

139 1644 206 1687 cum
216 1625 454 1704 Dillenburgero
479 1628 735 1692 sacerdotum
755 1630 887 1693 incola
903 1632 1115 1710 coniungenda
1132 1635 1265 1699 luerunt.

139 1728 256 1809 Nempe
280 1748 368 1811 quum
390 1727 519 1808 Pythius
543 1730 659 1812 Apollo
681 1733 712 1792 in
737 1733 814 1813 ipsis
836 1733 956 1813 adytis,
985 1752 1044 1814 quo
1065 1740 1190 1816 praeter
1210 1756 1265 1801 sa-

137 1830 281 1894 cerdotes
301 1830 384 1894 adire
398 1831 449 1894 ias
464 1849 524 1893 uon
543 1837 625 1911 erat,
647 1832 783 1896 habitare
803 1836 931 1916 ipseque
948 1835 1066 1898 adesse
1086 1836 1265 1899 eraderetur

136 1934 317 2011 vaticinans,
337 1933 378 1993 ibi
394 1931 496 1993 divino
520 1950 575 1993 suo
598 1936 715 1995 numine
740 1953 776 1998 ac
798 1937 973 2016 praesentia
995 1935 1187 1999 sacerdotum
1203 1954 1264 2018 pe-

128 2034 383 2116 'ctorainrplcbat
403 2036 435 2096 et
452 2033 555 2095 furore
580 2035 774 2116 corripiebat.
817 2037 895 2100 Hinc
924 2039 993 2118 ipse
1020 2035 1078 2100 hoo
1107 2030 1176 2099 loco
1205 2038 1274 2100 in-'

137 2138 227 2202 cola
251 2136 424 2217 Pytbius
447 2137 544 2198 dictus
566 2141 632 2216 est,
660 2156 705 2200 sc.
729 2138 957 2217 adytorum3
985 2137 1164 2204 sacerdotes
1186 2157 1263 2203 vero

136 2238 362 2322 Φοιβόληπτοι,
390 2258 422 2301 v.
447 2239 579 2302 Pollucis
601 2236 707 2301 Onom.
729 2237 754 2319 l,
780 2236 822 2302 18
843 2243 875 2304 et
897 2239 1032 2302 Lobeclr.
1048 2238 1127 2318 Agl.
1141 2260 1173 2321 p.
1187 2237 1262 2303 641.

141 2414 143 2418 ,
237 2363 271 2405 v.
293 2340 325 2405 8.
368 2363 432 2404 non
461 2351 556 2405 acuta
579 2340 634 2404 Sic
655 2345 819 2425 geminant
842 2342 1033 2424 Corybantes
1059 2338 1151 2424 aera]
1195 2341 1263 2407 Heu

135 2446 252 2527 quidem
267 2442 599 2524 locoGorybantes
622 2429 681 2505 non
702 2449 761 2507 taur
783 2439 963 2506 sacerdotes
985 2461 1073 2524 quam
1097 2443 1261 2507 daemones

135 2566 206 2610 csse
229 2548 387 2626 videntur,
420 2549 470 2629 qni
494 2565 582 2629 quum
605 2543 757 2627 πάρεδροι
776 2547 844 2608 sive
866 2547 993 2609 comites
1014 2543 1125 2615 Matris
1147 2545 1260 2609 ldacoe

131 2651 193 2711 sint
212 2649 263 2710 vel
287 2650 345 2729 ipsi
366 2650 528 2726 geminatis
556 2648 677 2710 aeribus
698 2647 829 2708 furorem
853 2647 999 2709 cultorum
1022 2647 1177 2729 excitant,
1207 2644 1261 2708 vel

131 2751 267 2812 eiliciunt
298 2752 332 2812 ut
363 2750 496 2811 cultores
525 2750 627 2810 furore
667 2747 778 2825 agitati
802 2745 942 2824 cymbala
974 2746 1155 2826 percutiant.
1205 2746 1260 2810 Sic
1343 2798 1351 2809 .

132 2850 213 2932 apud
235 2850 406 2932 Euripidem
436 2853 465 2912 in
484 2851 579 2931 llipp.
612 2846 684 2911 143.
709 2846 904 2926 Corybantes
927 2848 1006 2908 iuter
1026 2847 1177 2907 numina
1200 2865 1260 2908 nu-

129 2955 292 3031 merantur,
315 2952 556 3034 quaePbaedrac
579 2952 711 3012 furorem
726 2948 893 3011 iniecerint.
915 2944 979 3010 cfr.
1002 2945 1258 3028 etiamAristopb.

128 3055 215 3119 Eccl.
242 3053 324 3119 1089
345 3056 515 3119 etbucian.
541 3055 619 3116 Tim.
635 3053 687 3116 41.
709 3073 741 3133 p.
762 3050 832 3116 109.
857 3048 895 3111 Τ.
919 3047 944 3110 1.
990 3046 1055 3111 Cir.
1080 3050 1197 3112 omnino
1220 3049 1259 3112 dc

130 3155 262 3236 Cybele,
289 3157 328 3218 de
355 3158 467 3219 Libero
495 3160 528 3221 ct
555 3158 593 3219 de
625 3155 852 3237 Corybantibus
880 3170 922 3214 cx
949 3151 1142 3214 Lobcckii
1176 3148 1256 3231 ngr.

128 3280 158 3339 p.
179 3257 244 3322 640
272 3277 357 3340 seqq.
381 3278 412 3338 p.
438 3255 520 3320 1139
541 3277 589 3341 sq.

229 3379 260 3420 v.
281 3359 302 3425 9
323 3378 391 3441 sqq.
432 3381 535 3442 meque
555 3361 697 3435 Noricus,
705 3361 852 3422 Deterret
874 3359 958 3419 ensis
988 3392 1028 3404 -
1052 3353 1122 3414 Nec
1141 3373 1257 3415 caecus

126 3458 224 3543 ignia]
247 3455 309 3523 Διά
325 3462 488 3543 μαχαιρῶν
507 3466 560 3524 καὶ
582 3455 681 3539 πυρός
703 3456 821 3540 ῥίπτειν
845 3463 896 3523 δεῖ
914 3457 1019 3519 similis
1044 3457 1094 3516 est
1116 3452 1255 3514 Graeco-

126 3581 190 3622 rum
230 3561 268 3621 de
306 3561 463 3639 proiectae
502 3562 647 3624 audaciae
686 3559 853 3621 hominibus
888 3553 1093 3638 proverbialis
1128 3550 1255 3616 locutio.

125 3660 281 3725 biitsoh.
659 3664 662 3671 '

227 3785 260 3825 v.
284 3762 332 3827 12.
373 3764 533 3827 tremendo
546 3763 691 3846 iuppiter
713 3765 781 3844 e'pae
802 3780 899 3822 rueme
924 3751 1072 3837 tumultu]
1094 3745 1174 3824 stc
1197 3775 1255 3814 κα-

124 3863 288 3951 ταιβάτης,
311 3869 376 3930 vid.
401 3868 511 3929 Blomi.
532 3866 571 3929 ad
594 3863 746 3943 Aeschyl.
767 3864 866 3925 Prom.
889 3857 965 3924 367.
988 3862 1020 3921 ct
1041 3858 1097 3921 cir.
1114 3857 1254 3918 Procenr.

125 3973 190 4033 not.
212 3968 265 4032 41.
290 3975 322 4033 et
344 3968 385 4033 C.
402 3966 462 4047 lll,
486 3965 518 4048 3,
540 3965 562 4028 6
584 3985 651 4048 sqq.
696 3965 781 4050 Quae
803 3964 934 4028 elocutio
958 3963 992 4024 ut
1010 3957 1171 4038 magnilica
1194 3955 1253 4030 est,

124 4060 167 4132 ita
189 4069 396 4152 superlationc
425 4071 454 4130 in
478 4068 632 4131 ridiculum
656 4086 804 4130 conversa
831 4071 916 4131 tanto
949 4064 1049 4125 acrius
1071 4055 1252 4120 audientium

123 4190 212 4234 aures
237 4174 411 4252 mentesque
433 4174 595 4251 percutere
620 4167 723 4231 debet.
1022 4261 1044 4322 6
