2768 4838
123 257 144 303 Χ

125 439 213 506 quum
237 418 329 484 multu
351 418 412 484 alia
432 419 602 502 opinionum
622 417 767 502 ludibria,
792 423 853 484 tum
880 417 957 483 haee
979 421 1107 482 maxime
1134 437 1190 484 eos
1213 424 1253 487 ab

125 538 204 587 vera
224 523 277 585 vla
298 522 427 585 ineunda
443 525 624 587 averterunt
638 526 671 587 et
686 522 715 586 in
734 525 939 587 transversum
955 527 1102 600 egerunt:
1124 524 1205 607 quod
1222 528 1255 590 et

124 626 155 687 ln
175 622 364 688 carminibus
384 625 552 687 sententias
573 625 783 707 imaginesque
811 626 878 687 iere
900 641 1003 686 omnes
1030 641 1072 686 ex
1097 627 1255 691 melicis

124 728 228 810 poetis
248 725 414 792 uansialas
434 743 507 788 esse
529 729 738 808 crediderunt,
759 726 929 791 certissima
951 742 1090 810 quaeque
1114 727 1255 793 Graecae

124 829 297 893 imitationis
318 827 454 908 vestigia
472 846 532 891 nna
554 847 619 892 cum
644 828 811 911 deperditis
826 827 1009 892 Graecorum
1030 828 1255 911 exemplaribus

123 931 315 996 intercidisse
336 930 462 1012 opinati,
483 934 517 995 et
537 932 619 1015 qnod
640 932 669 992 in
689 931 802 994 Satiris
820 933 853 994 et
867 927 1014 1010 lipistolis
1037 935 1138 994 certas
1157 951 1254 1016 qnas-

125 1032 192 1096 dam
231 1030 513 1115 philosophiae
540 1033 731 1097 formulas
763 1032 936 1112 explicatas
967 1047 1038 1092 esse
1072 1034 1256 1098 statuerunt.

123 1135 255 1220 Quorum
280 1134 352 1197 illud
374 1136 487 1200 idcirco
510 1139 605 1199 minus
626 1139 712 1201 recte
734 1139 863 1219 putasse
892 1131 960 1195 mihi
992 1132 1151 1215 videntur,
1185 1137 1256 1218 qula

125 1238 281 1319 proprium
301 1235 418 1317 lyricae
430 1239 615 1302 Horatianae
629 1237 781 1318 habitum,
803 1235 1097 1298 sententiarum
1119 1239 1256 1300 ornatum

45 1404 48 1409 ,
124 1338 205 1418 dieo,
229 1338 347 1399 nimium
369 1341 595 1423 neglexerant,
617 1343 648 1403 in
671 1339 730 1403 hoc
751 1333 851 1403 autern
872 1355 932 1400 non
953 1338 1031 1399 satis
1052 1336 1255 1418 attenderant,

123 1422 196 1523 qaid
219 1439 288 1521 ipse
304 1439 450 1503 Horatius
471 1441 509 1503 de
533 1443 653 1523 optimis
668 1437 878 1524 philosophiae
899 1438 1033 1500 lontibus
1056 1438 1155 1519 palam
1177 1456 1255 1521 pro-

124 1542 227 1603 fessus
250 1544 345 1607 esset
377 1541 466 1627 Quod
494 1543 572 1606 enim
600 1543 630 1604 ln
660 1542 794 1625 epistola
821 1541 860 1603 ad
881 1539 1009 1602 boillum
1030 1540 1069 1603 de
1091 1541 1255 1604 Homero

49 1710 57 1725 Ι,
125 1642 266 1724 scripsit:
772 1724 775 1729 Ι

27 1740 31 1746 ’
170 1745 236 1823 Qui
254 1746 331 1828 quid
349 1747 391 1806 ait
404 1744 582 1826 pulchrum,
605 1747 682 1829 quid
701 1755 803 1828 turpe,
827 1743 905 1827 quid
924 1744 1012 1823 utile,
1036 1744 1112 1826 quid
1129 1764 1204 1825 non,

130 1910 133 1915 ,
170 1847 306 1909 Planius
328 1867 367 1909 ao
388 1848 499 1909 melius
523 1846 694 1931 Chrysippo
714 1856 747 1910 et
768 1847 920 1909 Crantore
939 1846 1025 1925 dicit,

124 1948 177 2011 vel
200 1966 243 2011 cx
273 1966 312 2010 eo
341 1951 417 2013 satis
446 1950 595 2012 conticere
619 1968 802 2033 possumus,
827 1947 909 2009 illum
932 1963 991 2007 non
1013 1946 1043 2008 id
1073 1946 1198 2027 egisse,
1224 1950 1258 2008 ut

123 2048 369 2135 philosophorum
388 2049 510 2131 placitis
531 2052 770 2115 abstrusioribus
789 2048 1013 2130 adumbratam,
1034 2049 1091 2111 sed
1115 2051 1148 2112 nt
1167 2067 1256 2111 sum-

123 2152 181 2215 mis
195 2155 352 2234 poetarum
366 2151 498 2228 ingeniis
519 2170 699 2234 expressam
721 2152 844 2216 virtutis
865 2152 1025 2230 imaginem
1046 2169 1257 2234 consequere·

125 2255 175 2317 tur
197 2256 352 2317 eteorum
371 2252 548 2332 praeceptis
571 2272 607 2316 se
627 2256 796 2336 sapientiae
826 2251 980 2317 doctorem
1008 2260 1041 2318 et
1063 2254 1257 2331 humanitatis

126 2353 339 2420 conformaret.

225 2455 313 2519 Haec
332 2454 378 2520 lta
397 2455 539 2519 universe
560 2459 592 2518 et
610 2455 776 2519 summatim
789 2457 934 2537 exposita
959 2475 1016 2520 nos
1038 2458 1075 2523 ad
1099 2459 1168 2540 ipsa
1188 2458 1255 2520 eius

127 2555 400 2639 „exemplaria
423 2557 606 2621 Graeca“
627 2560 805 2641 perducunt,
827 2578 904 2642 quae
919 2562 1048 2624 Pisones
1068 2561 1153 2626 lubet
1179 2560 1254 2623 No-

76 2680 79 2685 ·
126 2667 238 2723 choma
256 2678 385 2722 narrare
403 2678 521 2740 manu,
544 2680 672 2723 uersare
693 2662 820 2724 diurna.

229 2758 279 2825 Ao
301 2778 340 2822 ne
366 2762 463 2843 ipsum
494 2761 612 2844 quidem
633 2761 790 2826 Horatium
815 2763 873 2825 nisi
899 2763 937 2824 ils
959 2766 1152 2846 auctoribus,
1180 2785 1258 2849 quos

125 2863 285 2927 imitandos
308 2863 367 2925 sibi
386 2866 611 2946 proposuisset,
634 2869 859 2931 accuratissime
882 2866 972 2928 lectis
992 2870 1024 2928 et
1044 2870 1198 2949 cognitis,
1221 2886 1256 2931 se

127 2964 339 3031 adscribendi
362 2967 493 3029 studium
521 2967 706 3047 contulisse,
735 2987 773 3033 eo
805 2969 924 3032 facilins
954 2969 1039 3030 nobis
1069 2973 1256 3051 persuadere

127 3066 306 3148 poterimus,
327 3064 355 3125 si
377 3084 435 3148 quo
459 3068 562 3129 ordine
579 3060 749 3145 poematum
769 3073 835 3132 eius
856 3087 972 3148 genera
995 3075 1164 3154 composita
1184 3075 1253 3153 sint,

128 3166 433 3232 consideraverimus.
482 3167 558 3231 Nam
582 3186 757 3252 quamquam
779 3173 809 3235 in
835 3173 1038 3253 temporibus,
1060 3175 1168 3256 quihus
1189 3174 1256 3235 sin·

128 3270 205 3351 gula
227 3270 357 3334 carmina
379 3268 533 3331 Venusina
558 3275 630 3334 nata
653 3275 730 3353 sint,
754 3277 925 3339 accuratius
955 3275 1129 3337 definiendis
1159 3275 1179 3335 ii
1205 3274 1257 3357 qui

127 3375 229 3439 isstos
258 3371 444 3435 Horatianos
475 3370 672 3439 condiderunt
709 3376 941 3441 dissententinnt
972 3375 1067 3441 adhuc
1101 3378 1181 3439 inter
1210 3395 1258 3456 se,

128 3492 186 3541 neo
207 3477 317 3540 desunt
338 3492 416 3558 quae
437 3475 525 3538 etiam
550 3481 656 3541 contra
682 3481 862 3542 novissimas
887 3480 990 3544 Caroli
1012 3478 1175 3543 h'ranlrli
1200 3495 1256 3538 ra-

129 3576 285 3660 tiones¹⁰)
318 3577 465 3660 disputari
486 3581 620 3661 possint:
653 3580 691 3643 de
719 3584 940 3660 generibus
966 3586 1066 3645 tamen
1094 3578 1152 3642 hoc
1179 3596 1257 3641 nune

128 3681 261 3759 onustat,
282 3678 364 3759 quod
390 3680 420 3740 in
448 3679 505 3744 hae
526 3682 644 3763 quidem
670 3684 881 3766 disquisitione
909 3685 1000 3766 plane
1021 3683 1163 3762 sufficiat,
1187 3682 1256 3743 Ho-

129 3780 236 3844 ratium
255 3780 351 3862 primo
372 3784 593 3863 conscripsisse
615 3783 735 3846 Satires
760 3788 792 3848 et
814 3787 950 3869 Hpodos,
971 3787 1044 3866 post
1065 3784 1103 3847 ad
1127 3785 1257 3845 carmina

129 3882 238 3946 melica
268 3899 456 3961 aggressum
480 3888 544 3946 tres
572 3884 692 3966 priores
722 3884 815 3949 libros
842 3889 993 3967 edidisse,
1025 3884 1073 3948 his
1097 3885 1256 3968 Epistulas

165 4133 211 4204 10)
229 4132 402 4191 [thracho
421 4135 495 4190 Fasti
514 4138 671 4203 florentiani,
689 4140 871 4206 Berol.1839,
890 4140 922 4194 dc
942 4140 1039 4210 quihus
1057 4140 1119 4195 vido
1135 4138 1256 4195 &Pes-

232 4223 328 4276 souii
345 4221 431 4290 (Berl.
449 4223 543 4278 Jahrb.
563 4226 639 4282 1840.
661 4223 706 4277 Νι.
722 4232 765 4284 87.
782 4226 855 4298 sqq.)
873 4231 900 4279 et
915 4223 1095 4279 'l'euiielii
1112 4224 1256 4294 (Zeitschr.

233 4304 322 4363 thil.
341 4309 417 4365 1842.
435 4325 462 4379 p.
487 4314 563 4366 1103.
578 4309 651 4379 sqq.)
668 4312 840 4366 recensiones
858 4314 885 4365 et
900 4313 1001 4380 passim
1020 4308 1206 4365 listreium.
