<?xml version="1.0" encoding="UTF-8"?>
<!DOCTYPE html PUBLIC "-//W3C//DTD XHTML 1.0 Transitional//EN"
    "http://www.w3.org/TR/xhtml1/DTD/xhtml1-transitional.dtd">
<html xmlns="http://www.w3.org/1999/xhtml" xml:lang="en" lang="en">
 <head>
  <title>
</title>
<meta http-equiv="Content-Type" content="text/html;charset=utf-8" />
  <meta name='ocr-system' content='tesseract 3.04.00' />
  <meta name='ocr-capabilities' content='ocr_page ocr_carea ocr_par ocr_line ocrx_word'/>
</head>
<body>
  <div class='ocr_page' id='page_1' title='image "./qhoratiiflaccic00garcgoog_0142.png"; bbox 0 0 2768 4838; ppageno 0'>
   <div class='ocr_carea' id='block_1_1' title="bbox 1166 285 1227 353">
    <p class='ocr_par' dir='ltr' id='par_1_1' title="bbox 1166 285 1227 353">
     <span class='ocr_line' id='line_1_1' title="bbox 1166 285 1227 353; baseline -0.033 0"><span class='ocrx_word' id='word_1_1' title='bbox 1166 285 1227 353; x_wconf 80' lang='lat' dir='ltr'><strong>itte</strong></span> 
     </span>
    </p>
   </div>
   <div class='ocr_carea' id='block_1_2' title="bbox 55 471 1234 1474">
    <p class='ocr_par' dir='ltr' id='par_1_2' title="bbox 55 471 1234 1474">
     <span class='ocr_line' id='line_1_2' title="bbox 105 471 1226 555; baseline 0.002 -20"><span class='ocrx_word' id='word_1_2' title='bbox 105 473 306 538; x_wconf 75' lang='lat' dir='ltr'><strong>Alexandrini</strong></span> <span class='ocrx_word' id='word_1_3' title='bbox 342 475 447 537; x_wconf 87' lang='lat' dir='ltr'><strong>nescio</strong></span> <span class='ocrx_word' id='word_1_4' title='bbox 483 475 568 538; x_wconf 91' lang='lat' dir='ltr'><strong>cuius</strong></span> <span class='ocrx_word' id='word_1_5' title='bbox 597 475 709 553; x_wconf 85' lang='lat' dir='ltr'><strong>poetae</strong></span> <span class='ocrx_word' id='word_1_6' title='bbox 739 473 876 550; x_wconf 80' lang='lat' dir='ltr'><strong>vestigia</strong></span> <span class='ocrx_word' id='word_1_7' title='bbox 902 475 1065 554; x_wconf 72' lang='lat' dir='ltr'>pressisse.</span> <span class='ocrx_word' id='word_1_8' title='bbox 1114 471 1226 555; x_wconf 81' lang='lat' dir='ltr'><strong>Neque</strong></span> 
     </span>
     <span class='ocr_line' id='line_1_3' title="bbox 107 574 1228 656; baseline 0.003 -20"><span class='ocrx_word' id='word_1_9' title='bbox 107 578 183 637; x_wconf 91' lang='lat' dir='ltr'><strong>enim</strong></span> <span class='ocrx_word' id='word_1_10' title='bbox 207 577 276 638; x_wconf 81' lang='lat' dir='ltr'><strong>illos</strong></span> <span class='ocrx_word' id='word_1_11' title='bbox 299 579 416 640; x_wconf 88' lang='lat' dir='ltr'><strong>oomioo</strong></span> <span class='ocrx_word' id='word_1_12' title='bbox 447 578 532 639; x_wconf 91' lang='lat' dir='ltr'><strong>nimis</strong></span> <span class='ocrx_word' id='word_1_13' title='bbox 559 576 775 654; x_wconf 84' lang='lat' dir='ltr'><strong>adamaverat,</strong></span> <span class='ocrx_word' id='word_1_14' title='bbox 804 591 862 636; x_wconf 90' lang='lat' dir='ltr'><strong>nec</strong></span> <span class='ocrx_word' id='word_1_15' title='bbox 888 574 1043 637; x_wconf 78' lang='lat' dir='ltr'><strong>admodum</strong></span> <span class='ocrx_word' id='word_1_16' title='bbox 1069 574 1228 656; x_wconf 78' lang='lat' dir='ltr'><strong>probabile</strong></span> 
     </span>
     <span class='ocr_line' id='line_1_4' title="bbox 107 676 1225 761; baseline 0 -22"><span class='ocrx_word' id='word_1_17' title='bbox 107 697 178 740; x_wconf 89' lang='lat' dir='ltr'><strong>esse</strong></span> <span class='ocrx_word' id='word_1_18' title='bbox 199 678 267 742; x_wconf 87' lang='lat' dir='ltr'><strong>milri</strong></span> <span class='ocrx_word' id='word_1_19' title='bbox 289 680 422 761; x_wconf 85' lang='lat' dir='ltr'><strong>videtur,</strong></span> <span class='ocrx_word' id='word_1_20' title='bbox 444 700 510 743; x_wconf 90' lang='lat' dir='ltr'><strong>eum</strong></span> <span class='ocrx_word' id='word_1_21' title='bbox 531 680 562 741; x_wconf 91' lang='lat' dir='ltr'><strong>in</strong></span> <span class='ocrx_word' id='word_1_22' title='bbox 583 678 641 741; x_wconf 86' lang='lat' dir='ltr'><strong>lroe</strong></span> <span class='ocrx_word' id='word_1_23' title='bbox 662 679 847 759; x_wconf 89' lang='lat' dir='ltr'><strong>potissimum</strong></span> <span class='ocrx_word' id='word_1_24' title='bbox 869 679 1010 756; x_wconf 79' lang='lat' dir='ltr'><strong>carmine,</strong></span> <span class='ocrx_word' id='word_1_25' title='bbox 1033 677 1062 739; x_wconf 90' lang='lat' dir='ltr'><strong>in</strong></span> <span class='ocrx_word' id='word_1_26' title='bbox 1077 696 1136 759; x_wconf 92' lang='lat' dir='ltr'><strong>quo</strong></span> <span class='ocrx_word' id='word_1_27' title='bbox 1155 676 1225 739; x_wconf 93' lang='lat' dir='ltr'><strong>dul·</strong></span> 
     </span>
     <span class='ocr_line' id='line_1_5' title="bbox 108 779 1228 863; baseline 0.002 -20"><span class='ocrx_word' id='word_1_28' title='bbox 108 783 156 843; x_wconf 82' lang='lat' dir='ltr'><strong>cis¹</strong></span> <span class='ocrx_word' id='word_1_29' title='bbox 178 784 296 861; x_wconf 84' lang='lat' dir='ltr'><strong>patriae</strong></span> <span class='ocrx_word' id='word_1_30' title='bbox 326 784 535 863; x_wconf 76' lang='lat' dir='ltr'><strong>pueritiaeque</strong></span> <span class='ocrx_word' id='word_1_31' title='bbox 575 782 745 843; x_wconf 88' lang='lat' dir='ltr'><strong>memoriam</strong></span> <span class='ocrx_word' id='word_1_32' title='bbox 781 779 934 844; x_wconf 87' lang='lat' dir='ltr'><strong>recordari</strong></span> <span class='ocrx_word' id='word_1_33' title='bbox 972 798 1009 844; x_wconf 84' lang='lat' dir='ltr'><strong>ae</strong></span> <span class='ocrx_word' id='word_1_34' title='bbox 1043 781 1228 857; x_wconf 79' lang='lat' dir='ltr'><strong>gravissima</strong></span> 
     </span>
     <span class='ocr_line' id='line_1_6' title="bbox 106 879 1228 968; baseline 0.002 -24"><span class='ocrx_word' id='word_1_35' title='bbox 106 885 256 948; x_wconf 84' lang='lat' dir='ltr'><strong>sententia</strong></span> <span class='ocrx_word' id='word_1_36' title='bbox 289 880 339 966; x_wconf 83' lang='lat' dir='ltr'><strong>(v.</strong></span> <span class='ocrx_word' id='word_1_37' title='bbox 364 884 403 946; x_wconf 86' lang='lat'><strong>15</strong></span> <span class='ocrx_word' id='word_1_38' title='bbox 432 887 510 968; x_wconf 75' lang='lat' dir='ltr'><strong>seq.)</strong></span> <span class='ocrx_word' id='word_1_39' title='bbox 540 882 704 965; x_wconf 91' lang='lat' dir='ltr'><strong>populares</strong></span> <span class='ocrx_word' id='word_1_40' title='bbox 724 901 800 944; x_wconf 87' lang='lat' dir='ltr'><strong>suos</strong></span> <span class='ocrx_word' id='word_1_41' title='bbox 835 883 970 946; x_wconf 77' lang='lat' dir='ltr'><strong>imbuere</strong></span> <span class='ocrx_word' id='word_1_42' title='bbox 1000 879 1115 960; x_wconf 84' lang='lat' dir='ltr'><strong>vellet,</strong></span> <span class='ocrx_word' id='word_1_43' title='bbox 1151 882 1228 946; x_wconf 83' lang='lat' dir='ltr'><strong>lates</strong></span> 
     </span>
     <span class='ocr_line' id='line_1_7' title="bbox 106 977 1230 1072; baseline 0.002 -27"><span class='ocrx_word' id='word_1_44' title='bbox 106 1002 177 1047; x_wconf 85' lang='lat' dir='ltr'><strong>esse</strong></span> <span class='ocrx_word' id='word_1_45' title='bbox 198 988 402 1051; x_wconf 86' lang='lat' dir='ltr'><strong>subsecutum.</strong></span> <span class='ocrx_word' id='word_1_46' title='bbox 446 988 523 1072; x_wconf 80' lang='lat' dir='ltr'><strong>Quid</strong></span> <span class='ocrx_word' id='word_1_47' title='bbox 549 977 664 1047; x_wconf 75' lang='lat' dir='ltr'><strong>multat</strong></span> <span class='ocrx_word' id='word_1_48' title='bbox 707 982 788 1047; x_wconf 86' lang='lat' dir='ltr'><strong>Nihil</strong></span> <span class='ocrx_word' id='word_1_49' title='bbox 818 986 959 1065; x_wconf 87' lang='lat' dir='ltr'><strong>prolecto</strong></span> <span class='ocrx_word' id='word_1_50' title='bbox 987 982 1135 1064; x_wconf 89' lang='lat' dir='ltr'><strong>reliquum</strong></span> <span class='ocrx_word' id='word_1_51' title='bbox 1159 998 1230 1065; x_wconf 84' lang='lat' dir='ltr'><strong>esse</strong></span> 
     </span>
     <span class='ocr_line' id='line_1_8' title="bbox 106 1084 1232 1168; baseline 0.003 -20"><span class='ocrx_word' id='word_1_52' title='bbox 106 1088 216 1168; x_wconf 83' lang='lat' dir='ltr'><strong>video,</strong></span> <span class='ocrx_word' id='word_1_53' title='bbox 244 1090 301 1151; x_wconf 87' lang='lat' dir='ltr'><strong>nisi</strong></span> <span class='ocrx_word' id='word_1_54' title='bbox 329 1093 363 1152; x_wconf 93' lang='lat' dir='ltr'><strong>ut</strong></span> <span class='ocrx_word' id='word_1_55' title='bbox 389 1099 442 1154; x_wconf 89' lang='lat' dir='ltr'><strong>aut</strong></span> <span class='ocrx_word' id='word_1_56' title='bbox 464 1091 607 1163; x_wconf 80' lang='lat' dir='ltr'><strong>nemiuem</strong></span> <span class='ocrx_word' id='word_1_57' title='bbox 629 1084 687 1151; x_wconf 86' lang='lat' dir='ltr'><strong>hae</strong></span> <span class='ocrx_word' id='word_1_58' title='bbox 709 1088 769 1150; x_wconf 90' lang='lat' dir='ltr'><strong>ode</strong></span> <span class='ocrx_word' id='word_1_59' title='bbox 787 1105 969 1168; x_wconf 87' lang='lat' dir='ltr'><strong>expressum</strong></span> <span class='ocrx_word' id='word_1_60' title='bbox 989 1087 1157 1151; x_wconf 79' lang='lat' dir='ltr'><strong>statuamus</strong></span> <span class='ocrx_word' id='word_1_61' title='bbox 1179 1087 1232 1151; x_wconf 78' lang='lat' dir='ltr'><strong>ani</strong></span> 
     </span>
     <span class='ocr_line' id='line_1_9' title="bbox 107 1187 1232 1269; baseline 0.004 -19"><span class='ocrx_word' id='word_1_62' title='bbox 107 1189 145 1250; x_wconf 87' lang='lat' dir='ltr'><strong>ad</strong></span> <span class='ocrx_word' id='word_1_63' title='bbox 170 1190 373 1253; x_wconf 87' lang='lat' dir='ltr'><strong>Homerum</strong></span> <span class='ocrx_word' id='word_1_64' title='bbox 386 1191 492 1254; x_wconf 86' lang='lat' dir='ltr'><strong>&#39;veluti</strong></span> <span class='ocrx_word' id='word_1_65' title='bbox 513 1209 629 1254; x_wconf 85' lang='lat' dir='ltr'><strong>sacrum</strong></span> <span class='ocrx_word' id='word_1_66' title='bbox 652 1188 791 1253; x_wconf 82' lang='lat' dir='ltr'><strong>ancoram</strong></span> <span class='ocrx_word' id='word_1_67' title='bbox 818 1191 1048 1268; x_wconf 79' lang='lat' dir='ltr'><strong>confugiamus,</strong></span> <span class='ocrx_word' id='word_1_68' title='bbox 1078 1187 1129 1269; x_wconf 88' lang='lat' dir='ltr'><strong>qui</strong></span> <span class='ocrx_word' id='word_1_69' title='bbox 1156 1205 1232 1255; x_wconf 79' lang='lat' dir='ltr'><strong>sene</strong></span> 
     </span>
     <span class='ocr_line' id='line_1_10' title="bbox 55 1284 1234 1373; baseline 0.003 -20"><span class='ocrx_word' id='word_1_70' title='bbox 55 1292 77 1301; x_wconf 81' lang='grc'><strong>’“</strong></span> <span class='ocrx_word' id='word_1_71' title='bbox 105 1292 186 1354; x_wconf 86' lang='lat' dir='ltr'><strong>lraud</strong></span> <span class='ocrx_word' id='word_1_72' title='bbox 207 1293 407 1373; x_wconf 87' lang='lat' dir='ltr'><strong>spernendum</strong></span> <span class='ocrx_word' id='word_1_73' title='bbox 429 1293 571 1373; x_wconf 78' lang='lat' dir='ltr'><strong>praebuit</strong></span> <span class='ocrx_word' id='word_1_74' title='bbox 591 1284 750 1373; x_wconf 88' lang='lat' dir='ltr'><strong>exemplar</strong></span> <span class='ocrx_word' id='word_1_75' title='bbox 770 1293 800 1356; x_wconf 93' lang='lat' dir='ltr'><strong>in</strong></span> <span class='ocrx_word' id='word_1_76' title='bbox 820 1292 940 1373; x_wconf 85' lang='lat' dir='ltr'><strong>Ncoyia</strong></span> <span class='ocrx_word' id='word_1_77' title='bbox 960 1313 992 1357; x_wconf 83' lang='lat' dir='ltr'><strong>v.</strong></span> <span class='ocrx_word' id='word_1_78' title='bbox 1014 1289 1057 1356; x_wconf 84' lang='lat'><strong>51</strong></span> <span class='ocrx_word' id='word_1_79' title='bbox 1078 1309 1148 1373; x_wconf 86' lang='lat' dir='ltr'><strong>sqq.</strong></span> <span class='ocrx_word' id='word_1_80' title='bbox 1191 1290 1234 1357; x_wconf 82' lang='lat' dir='ltr'><strong>nt</strong></span> 
     </span>
     <span class='ocr_line' id='line_1_11' title="bbox 107 1378 1232 1474; baseline 0.005 -19"><span class='ocrx_word' id='word_1_81' title='bbox 107 1410 183 1456; x_wconf 85' lang='lat' dir='ltr'><strong>vero</strong></span> <span class='ocrx_word' id='word_1_82' title='bbox 215 1395 253 1456; x_wconf 83' lang='lat' dir='ltr'><strong>ad</strong></span> <span class='ocrx_word' id='word_1_83' title='bbox 275 1396 472 1458; x_wconf 85' lang='lat' dir='ltr'><strong>Homericum</strong></span> <span class='ocrx_word' id='word_1_84' title='bbox 503 1378 585 1457; x_wconf 89' lang='lat' dir='ltr'><strong>illum</strong></span> <span class='ocrx_word' id='word_1_85' title='bbox 616 1393 854 1474; x_wconf 79' lang='lat' dir='ltr'><strong>Elpenorem</strong></span> <span class='ocrx_word' id='word_1_86' title='bbox 889 1394 1033 1457; x_wconf 77' lang='lat' dir='ltr'><strong>Horatius</strong></span> <span class='ocrx_word' id='word_1_87' title='bbox 1062 1410 1120 1457; x_wconf 84' lang='lat' dir='ltr'><strong>suo</strong></span> <span class='ocrx_word' id='word_1_88' title='bbox 1147 1408 1232 1461; x_wconf 72' lang='lat' dir='ltr'><strong>note</strong></span> 
     </span>
    </p>
   </div>
   <div class='ocr_carea' id='block_1_3' title="bbox 107 1495 1362 1578">
    <p class='ocr_par' dir='ltr' id='par_1_3' title="bbox 107 1495 1362 1578">
     <span class='ocr_line' id='line_1_12' title="bbox 107 1495 1362 1578; baseline 0.003 -20"><span class='ocrx_word' id='word_1_89' title='bbox 107 1496 254 1578; x_wconf 88' lang='lat' dir='ltr'><strong>modoque</strong></span> <span class='ocrx_word' id='word_1_90' title='bbox 275 1498 431 1578; x_wconf 79' lang='lat' dir='ltr'><strong>respexit,</strong></span> <span class='ocrx_word' id='word_1_91' title='bbox 458 1500 491 1559; x_wconf 87' lang='grc' dir='ltr'><strong>ιι</strong></span> <span class='ocrx_word' id='word_1_92' title='bbox 519 1515 577 1560; x_wconf 92' lang='lat' dir='ltr'><strong>uon</strong></span> <span class='ocrx_word' id='word_1_93' title='bbox 603 1495 700 1560; x_wconf 91' lang='lat' dir='ltr'><strong>sulum</strong></span> <span class='ocrx_word' id='word_1_94' title='bbox 727 1496 904 1559; x_wconf 80' lang='lat' dir='ltr'><strong>nobiliorem</strong></span> <span class='ocrx_word' id='word_1_95' title='bbox 928 1499 960 1558; x_wconf 93' lang='lat' dir='ltr'><strong>et</strong></span> <span class='ocrx_word' id='word_1_96' title='bbox 986 1497 1135 1577; x_wconf 76' lang='lat' dir='ltr'><strong>aptiorem</strong></span> <span class='ocrx_word' id='word_1_97' title='bbox 1156 1508 1237 1576; x_wconf 69' lang='lat' dir='ltr'><strong>per-&#39;r</strong></span> <span class='ocrx_word' id='word_1_98' title='bbox 1358 1552 1362 1567; x_wconf 77' lang='grc'><strong>,</strong></span> 
     </span>
    </p>
   </div>
   <div class='ocr_carea' id='block_1_4' title="bbox 104 1583 1234 3005">
    <p class='ocr_par' dir='ltr' id='par_1_4' title="bbox 104 1583 1234 3005">
     <span class='ocr_line' id='line_1_13' title="bbox 107 1583 1233 1681; baseline 0 -21"><span class='ocrx_word' id='word_1_99' title='bbox 107 1617 210 1660; x_wconf 89' lang='lat' dir='ltr'><strong>sonam</strong></span> <span class='ocrx_word' id='word_1_100' title='bbox 232 1599 424 1661; x_wconf 85' lang='lat' dir='ltr'><strong>substituerit</strong></span> <span class='ocrx_word' id='word_1_101' title='bbox 445 1597 627 1680; x_wconf 83' lang='lat' dir='ltr'><strong>se&#39;euamque</strong></span> <span class='ocrx_word' id='word_1_102' title='bbox 649 1583 681 1660; x_wconf 86' lang='lat' dir='ltr'><strong>in</strong></span> <span class='ocrx_word' id='word_1_103' title='bbox 702 1597 776 1663; x_wconf 86' lang='lat' dir='ltr'><strong>litus</strong></span> <span class='ocrx_word' id='word_1_104' title='bbox 798 1599 927 1681; x_wconf 87' lang='lat' dir='ltr'><strong>patrium</strong></span> <span class='ocrx_word' id='word_1_105' title='bbox 951 1596 1153 1676; x_wconf 74' lang='lat' dir='ltr'><strong>transtulerit,</strong></span> <span class='ocrx_word' id='word_1_106' title='bbox 1176 1597 1233 1660; x_wconf 90' lang='lat' dir='ltr'><strong>sed</strong></span> 
     </span>
     <span class='ocr_line' id='line_1_14' title="bbox 106 1699 1232 1783; baseline 0 -20"><span class='ocrx_word' id='word_1_107' title='bbox 106 1703 196 1765; x_wconf 86' lang='lat' dir='ltr'><strong>etiam</strong></span> <span class='ocrx_word' id='word_1_108' title='bbox 226 1706 330 1764; x_wconf 89' lang='lat' dir='ltr'><strong>cetera</strong></span> <span class='ocrx_word' id='word_1_109' title='bbox 357 1701 455 1765; x_wconf 89' lang='lat' dir='ltr'><strong>omnia</strong></span> <span class='ocrx_word' id='word_1_110' title='bbox 471 1700 570 1783; x_wconf 87' lang='lat' dir='ltr'><strong>&#39;plane</strong></span> <span class='ocrx_word' id='word_1_111' title='bbox 595 1699 633 1783; x_wconf 80' lang='lat' dir='ltr'><strong>qd</strong></span> <span class='ocrx_word' id='word_1_112' title='bbox 659 1718 744 1762; x_wconf 87' lang='lat' dir='ltr'><strong>auum</strong></span> <span class='ocrx_word' id='word_1_113' title='bbox 766 1702 956 1782; x_wconf 91' lang='lat' dir='ltr'><strong>propositum</strong></span> <span class='ocrx_word' id='word_1_114' title='bbox 978 1699 1232 1763; x_wconf 85' lang='lat' dir='ltr'><strong>accommodave-</strong></span> 
     </span>
     <span class='ocr_line' id='line_1_15' title="bbox 106 1789 1233 1883; baseline -0.004 -17"><span class='ocrx_word' id='word_1_115' title='bbox 106 1807 156 1866; x_wconf 89' lang='lat' dir='ltr'><strong>rit.</strong></span> <span class='ocrx_word' id='word_1_116' title='bbox 197 1803 278 1865; x_wconf 89' lang='lat' dir='ltr'><strong>ldem</strong></span> <span class='ocrx_word' id='word_1_117' title='bbox 301 1801 471 1882; x_wconf 87' lang='lat' dir='ltr'><strong>exemplum</strong></span> <span class='ocrx_word' id='word_1_118' title='bbox 491 1808 617 1867; x_wconf 90' lang='lat' dir='ltr'><strong>secutus</strong></span> <span class='ocrx_word' id='word_1_119' title='bbox 640 1807 689 1866; x_wconf 88' lang='lat' dir='ltr'><strong>cst</strong></span> <span class='ocrx_word' id='word_1_120' title='bbox 705 1789 856 1882; x_wconf 81' lang='lat' dir='ltr'><strong>Virgilius</strong></span> <span class='ocrx_word' id='word_1_121' title='bbox 877 1804 908 1865; x_wconf 91' lang='lat' dir='ltr'><strong>in</strong></span> <span class='ocrx_word' id='word_1_122' title='bbox 924 1802 1005 1865; x_wconf 79' lang='lat' dir='ltr'><strong>Aeo.</strong></span> <span class='ocrx_word' id='word_1_123' title='bbox 1017 1799 1144 1880; x_wconf 83' lang='lat' dir='ltr'><strong>vt‚337</strong></span> <span class='ocrx_word' id='word_1_124' title='bbox 1152 1819 1233 1883; x_wconf 81' lang='lat' dir='ltr'><strong>sqq,</strong></span> 
     </span>
     <span class='ocr_line' id='line_1_16' title="bbox 107 1901 1234 1987; baseline -0.005 -19"><span class='ocrx_word' id='word_1_125' title='bbox 107 1908 163 1969; x_wconf 90' lang='lat' dir='ltr'><strong>scd</strong></span> <span class='ocrx_word' id='word_1_126' title='bbox 185 1903 369 1968; x_wconf 81' lang='lat' dir='ltr'><strong>memorabili</strong></span> <span class='ocrx_word' id='word_1_127' title='bbox 398 1909 429 1966; x_wconf 91' lang='lat' dir='ltr'><strong>et</strong></span> <span class='ocrx_word' id='word_1_128' title='bbox 458 1907 584 1986; x_wconf 84' lang='lat' dir='ltr'><strong>proprio</strong></span> <span class='ocrx_word' id='word_1_129' title='bbox 612 1905 769 1987; x_wconf 84' lang='lat' dir='ltr'><strong>utriusque</strong></span> <span class='ocrx_word' id='word_1_130' title='bbox 796 1905 910 1984; x_wconf 82' lang='lat' dir='ltr'><strong>ingenii</strong></span> <span class='ocrx_word' id='word_1_131' title='bbox 938 1903 1118 1967; x_wconf 88' lang='lat' dir='ltr'><strong>discrimine.</strong></span> <span class='ocrx_word' id='word_1_132' title='bbox 1161 1901 1234 1965; x_wconf 80' lang='lat' dir='ltr'><strong>Ali-</strong></span> 
     </span>
     <span class='ocr_line' id='line_1_17' title="bbox 109 2004 1234 2091; baseline -0.002 -21"><span class='ocrx_word' id='word_1_133' title='bbox 109 2011 220 2091; x_wconf 86' lang='lat' dir='ltr'><strong>quanto</strong></span> <span class='ocrx_word' id='word_1_134' title='bbox 245 2006 455 2084; x_wconf 86' lang='lat' dir='ltr'><strong>manllcstius,</strong></span> <span class='ocrx_word' id='word_1_135' title='bbox 478 2008 651 2087; x_wconf 77' lang='lat' dir='ltr'><strong>mopinot,</strong></span> <span class='ocrx_word' id='word_1_136' title='bbox 674 2006 725 2068; x_wconf 94' lang='lat' dir='ltr'><strong>ille</strong></span> <span class='ocrx_word' id='word_1_137' title='bbox 749 2006 919 2069; x_wconf 83' lang='lat' dir='ltr'><strong>Palinurum</strong></span> <span class='ocrx_word' id='word_1_138' title='bbox 943 2023 1027 2066; x_wconf 91' lang='lat' dir='ltr'><strong>sunm</strong></span> <span class='ocrx_word' id='word_1_139' title='bbox 1050 2023 1092 2068; x_wconf 83' lang='lat' dir='ltr'><strong>ex</strong></span> <span class='ocrx_word' id='word_1_140' title='bbox 1116 2004 1234 2068; x_wconf 87' lang='lat' dir='ltr'><strong>Home·</strong></span> 
     </span>
     <span class='ocr_line' id='line_1_18' title="bbox 105 2105 1234 2189; baseline -0.003 -18"><span class='ocrx_word' id='word_1_141' title='bbox 105 2111 169 2173; x_wconf 90' lang='lat' dir='ltr'><strong>rico</strong></span> <span class='ocrx_word' id='word_1_142' title='bbox 192 2109 344 2189; x_wconf 80' lang='lat' dir='ltr'><strong>Elpenore</strong></span> <span class='ocrx_word' id='word_1_143' title='bbox 366 2109 535 2188; x_wconf 85' lang='lat' dir='ltr'><strong>expressit,</strong></span> <span class='ocrx_word' id='word_1_144' title='bbox 560 2127 648 2189; x_wconf 82' lang='lat' dir='ltr'><strong>quam</strong></span> <span class='ocrx_word' id='word_1_145' title='bbox 669 2107 718 2171; x_wconf 87' lang='lat' dir='ltr'><strong>lrio</strong></span> <span class='ocrx_word' id='word_1_146' title='bbox 736 2106 999 2187; x_wconf 75' lang='lat' dir='ltr'><strong>Archytasao</strong></span> <span class='ocrx_word' id='word_1_147' title='bbox 1024 2105 1152 2170; x_wconf 90' lang='lat' dir='ltr'><strong>Horatio</strong></span> <span class='ocrx_word' id='word_1_148' title='bbox 1174 2105 1234 2168; x_wconf 88' lang='lat' dir='ltr'><strong>ad·</strong></span> 
     </span>
     <span class='ocr_line' id='line_1_19' title="bbox 106 2207 1233 2293; baseline -0.002 -20"><span class='ocrx_word' id='word_1_149' title='bbox 106 2212 260 2274; x_wconf 84' lang='lat' dir='ltr'><strong>unrhretus</strong></span> <span class='ocrx_word' id='word_1_150' title='bbox 281 2214 346 2271; x_wconf 84' lang='lat' dir='ltr'><strong>est:</strong></span> <span class='ocrx_word' id='word_1_151' title='bbox 368 2214 575 2280; x_wconf 81' lang='lat' dir='ltr'><strong>verumtamen</strong></span> <span class='ocrx_word' id='word_1_152' title='bbox 595 2212 701 2281; x_wconf 81' lang='lat' dir='ltr'><strong>uoslo</strong></span> <span class='ocrx_word' id='word_1_153' title='bbox 724 2210 843 2293; x_wconf 90' lang='lat' dir='ltr'><strong>quidem</strong></span> <span class='ocrx_word' id='word_1_154' title='bbox 859 2210 958 2272; x_wconf 90' lang='lat' dir='ltr'><strong>omnia</strong></span> <span class='ocrx_word' id='word_1_155' title='bbox 982 2207 1156 2273; x_wconf 82' lang='lat' dir='ltr'><strong>imitationis</strong></span> <span class='ocrx_word' id='word_1_156' title='bbox 1175 2225 1233 2273; x_wconf 73' lang='lat' dir='ltr'><strong>te·</strong></span> 
     </span>
     <span class='ocr_line' id='line_1_20' title="bbox 106 2310 1233 2394; baseline 0 -18"><span class='ocrx_word' id='word_1_157' title='bbox 106 2315 201 2392; x_wconf 71' lang='lat' dir='ltr'><strong>stigio</strong></span> <span class='ocrx_word' id='word_1_158' title='bbox 218 2315 268 2375; x_wconf 89' lang='lat' dir='ltr'><strong>ita</strong></span> <span class='ocrx_word' id='word_1_159' title='bbox 288 2329 414 2393; x_wconf 87' lang='lat' dir='ltr'><strong>prorsus</strong></span> <span class='ocrx_word' id='word_1_160' title='bbox 446 2310 548 2375; x_wconf 88' lang='lat' dir='ltr'><strong>deleta</strong></span> <span class='ocrx_word' id='word_1_161' title='bbox 576 2314 665 2393; x_wconf 86' lang='lat' dir='ltr'><strong>suut,</strong></span> <span class='ocrx_word' id='word_1_162' title='bbox 696 2312 730 2376; x_wconf 87' lang='lat' dir='ltr'><strong>ot</strong></span> <span class='ocrx_word' id='word_1_163' title='bbox 754 2313 883 2391; x_wconf 81' lang='lat' dir='ltr'><strong>agnosci</strong></span> <span class='ocrx_word' id='word_1_164' title='bbox 906 2315 1067 2394; x_wconf 85' lang='lat' dir='ltr'><strong>nequeant.</strong></span> <span class='ocrx_word' id='word_1_165' title='bbox 1110 2311 1233 2376; x_wconf 77' lang='lat' dir='ltr'><strong>Serre·</strong></span> 
     </span>
     <span class='ocr_line' id='line_1_21' title="bbox 109 2414 1233 2498; baseline 0.001 -20"><span class='ocrx_word' id='word_1_166' title='bbox 109 2418 153 2480; x_wconf 88' lang='lat' dir='ltr'><strong>vit</strong></span> <span class='ocrx_word' id='word_1_167' title='bbox 172 2415 247 2478; x_wconf 90' lang='lat' dir='ltr'><strong>enim</strong></span> <span class='ocrx_word' id='word_1_168' title='bbox 273 2415 364 2494; x_wconf 84' lang='lat' dir='ltr'><strong>poeta</strong></span> <span class='ocrx_word' id='word_1_169' title='bbox 385 2414 509 2475; x_wconf 80' lang='lat' dir='ltr'><strong>formem</strong></span> <span class='ocrx_word' id='word_1_170' title='bbox 535 2414 690 2496; x_wconf 90' lang='lat' dir='ltr'><strong>colloquii,</strong></span> <span class='ocrx_word' id='word_1_171' title='bbox 713 2415 856 2498; x_wconf 90' lang='lat' dir='ltr'><strong>quidquid</strong></span> <span class='ocrx_word' id='word_1_172' title='bbox 882 2414 1019 2478; x_wconf 74' lang='lat' dir='ltr'><strong>nonnulli·</strong></span> <span class='ocrx_word' id='word_1_173' title='bbox 1038 2416 1146 2479; x_wconf 87' lang='lat' dir='ltr'><strong>eontra</strong></span> <span class='ocrx_word' id='word_1_174' title='bbox 1164 2415 1233 2481; x_wconf 87' lang='lat' dir='ltr'><strong>dis·</strong></span> 
     </span>
     <span class='ocr_line' id='line_1_22' title="bbox 106 2514 1233 2599; baseline 0.003 -21"><span class='ocrx_word' id='word_1_175' title='bbox 106 2519 229 2598; x_wconf 85' lang='lat' dir='ltr'><strong>putant3</strong></span> <span class='ocrx_word' id='word_1_176' title='bbox 254 2517 324 2578; x_wconf 91' lang='lat' dir='ltr'><strong>item</strong></span> <span class='ocrx_word' id='word_1_177' title='bbox 344 2516 427 2596; x_wconf 90' lang='lat' dir='ltr'><strong>prior</strong></span> <span class='ocrx_word' id='word_1_178' title='bbox 452 2515 584 2599; x_wconf 90' lang='lat' dir='ltr'><strong>loquitur</strong></span> <span class='ocrx_word' id='word_1_179' title='bbox 605 2521 722 2588; x_wconf 84' lang='lat' dir='ltr'><strong>nauta</strong></span> <span class='ocrx_word' id='word_1_180' title='bbox 745 2516 797 2579; x_wconf 93' lang='lat' dir='ltr'><strong>ille</strong></span> <span class='ocrx_word' id='word_1_181' title='bbox 820 2515 994 2580; x_wconf 84' lang='lat' dir='ltr'><strong>Venusinus</strong></span> <span class='ocrx_word' id='word_1_182' title='bbox 1016 2535 1052 2577; x_wconf 82' lang='lat' dir='ltr'><strong>v.</strong></span> <span class='ocrx_word' id='word_1_183' title='bbox 1075 2514 1233 2597; x_wconf 74' lang='lat'><strong>1-20,</strong></span> 
     </span>
     <span class='ocr_line' id='line_1_23' title="bbox 104 2605 1233 2709; baseline -0.002 -27"><span class='ocrx_word' id='word_1_184' title='bbox 104 2622 174 2682; x_wconf 85' lang='lat' dir='ltr'><strong>sive</strong></span> <span class='ocrx_word' id='word_1_185' title='bbox 197 2621 264 2700; x_wconf 89' lang='lat' dir='ltr'><strong>ipse</strong></span> <span class='ocrx_word' id='word_1_186' title='bbox 286 2605 381 2699; x_wconf 87' lang='lat' dir='ltr'><strong>poeta</strong></span> <span class='ocrx_word' id='word_1_187' title='bbox 400 2619 538 2709; x_wconf 61' lang='lat' dir='ltr'><strong>estsine</strong></span> <span class='ocrx_word' id='word_1_188' title='bbox 570 2619 707 2701; x_wconf 89' lang='lat' dir='ltr'><strong>quisquis</strong></span> <span class='ocrx_word' id='word_1_189' title='bbox 729 2619 786 2681; x_wconf 87' lang='lat' dir='ltr'><strong>sub</strong></span> <span class='ocrx_word' id='word_1_190' title='bbox 807 2616 864 2681; x_wconf 86' lang='lat' dir='ltr'><strong>lrac</strong></span> <span class='ocrx_word' id='word_1_191' title='bbox 890 2635 1024 2700; x_wconf 80' lang='lat' dir='ltr'><strong>persone</strong></span> <span class='ocrx_word' id='word_1_192' title='bbox 1053 2617 1146 2691; x_wconf 81' lang='lat' dir='ltr'><strong>latel3</strong></span> <span class='ocrx_word' id='word_1_193' title='bbox 1178 2636 1233 2680; x_wconf 86' lang='lat' dir='ltr'><strong>re·</strong></span> 
     </span>
     <span class='ocr_line' id='line_1_24' title="bbox 106 2715 1233 2803; baseline -0.001 -19"><span class='ocrx_word' id='word_1_194' title='bbox 106 2722 239 2803; x_wconf 85' lang='lat' dir='ltr'><strong>spondet</strong></span> <span class='ocrx_word' id='word_1_195' title='bbox 268 2719 372 2781; x_wconf 87' lang='lat' dir='ltr'><strong>umbra</strong></span> <span class='ocrx_word' id='word_1_196' title='bbox 393 2718 569 2799; x_wconf 84' lang='lat' dir='ltr'><strong>Archytae,</strong></span> <span class='ocrx_word' id='word_1_197' title='bbox 598 2719 684 2781; x_wconf 88' lang='lat' dir='ltr'><strong>cuius</strong></span> <span class='ocrx_word' id='word_1_198' title='bbox 710 2718 814 2781; x_wconf 89' lang='lat' dir='ltr'><strong>ultima</strong></span> <span class='ocrx_word' id='word_1_199' title='bbox 838 2721 935 2782; x_wconf 84' lang='lat' dir='ltr'><strong>verba</strong></span> <span class='ocrx_word' id='word_1_200' title='bbox 962 2738 994 2781; x_wconf 87' lang='lat' dir='ltr'><strong>v.</strong></span> <span class='ocrx_word' id='word_1_201' title='bbox 1012 2715 1057 2782; x_wconf 83' lang='lat'><strong>30</strong></span> <span class='ocrx_word' id='word_1_202' title='bbox 1081 2738 1151 2803; x_wconf 89' lang='lat' dir='ltr'><strong>sqq.</strong></span> <span class='ocrx_word' id='word_1_203' title='bbox 1181 2721 1233 2783; x_wconf 87' lang='lat' dir='ltr'><strong>vel</strong></span> 
     </span>
     <span class='ocr_line' id='line_1_25' title="bbox 105 2818 1232 2907; baseline -0.001 -22"><span class='ocrx_word' id='word_1_204' title='bbox 105 2823 219 2885; x_wconf 89' lang='lat' dir='ltr'><strong>nolenti</strong></span> <span class='ocrx_word' id='word_1_205' title='bbox 242 2822 295 2883; x_wconf 87' lang='lat' dir='ltr'><strong>tibi</strong></span> <span class='ocrx_word' id='word_1_206' title='bbox 317 2821 457 2907; x_wconf 82' lang='lat' dir='ltr'><strong>urgentis</strong></span> <span class='ocrx_word' id='word_1_207' title='bbox 478 2825 510 2882; x_wconf 88' lang='lat' dir='ltr'><strong>et</strong></span> <span class='ocrx_word' id='word_1_208' title='bbox 530 2819 672 2881; x_wconf 88' lang='lat' dir='ltr'><strong>instantis</strong></span> <span class='ocrx_word' id='word_1_209' title='bbox 690 2818 851 2899; x_wconf 84' lang='lat' dir='ltr'><strong>lllpenoris</strong></span> <span class='ocrx_word' id='word_1_210' title='bbox 872 2837 983 2902; x_wconf 88' lang='lat' dir='ltr'><strong>preces</strong></span> <span class='ocrx_word' id='word_1_211' title='bbox 1004 2822 1035 2882; x_wconf 93' lang='lat' dir='ltr'><strong>ln</strong></span> <span class='ocrx_word' id='word_1_212' title='bbox 1059 2822 1232 2885; x_wconf 86' lang='lat' dir='ltr'><strong>memoriam</strong></span> 
     </span>
     <span class='ocr_line' id='line_1_26' title="bbox 105 2910 1232 3005; baseline 0.003 -19"><span class='ocrx_word' id='word_1_213' title='bbox 105 2924 261 3000; x_wconf 75' lang='lat' dir='ltr'><strong>redigent,</strong></span> <span class='ocrx_word' id='word_1_214' title='bbox 301 2910 442 3004; x_wconf 80' lang='lat' dir='ltr'><strong>Denique</strong></span> <span class='ocrx_word' id='word_1_215' title='bbox 471 2925 565 2984; x_wconf 88' lang='lat' dir='ltr'><strong>totum</strong></span> <span class='ocrx_word' id='word_1_216' title='bbox 597 2918 655 2980; x_wconf 90' lang='lat' dir='ltr'><strong>hoo</strong></span> <span class='ocrx_word' id='word_1_217' title='bbox 687 2917 807 2983; x_wconf 81' lang='lat' dir='ltr'><strong>carmen</strong></span> <span class='ocrx_word' id='word_1_218' title='bbox 830 2924 860 2986; x_wconf 90' lang='lat' dir='ltr'><strong>in</strong></span> <span class='ocrx_word' id='word_1_219' title='bbox 891 2922 996 2986; x_wconf 87' lang='lat' dir='ltr'><strong>eadem</strong></span> <span class='ocrx_word' id='word_1_220' title='bbox 1028 2924 1232 3005; x_wconf 84' lang='lat' dir='ltr'><strong>persuasione</strong></span> 
     </span>
    </p>
   </div>
   <div class='ocr_carea' id='block_1_5' title="bbox 106 3020 1342 3107">
    <p class='ocr_par' dir='ltr' id='par_1_5' title="bbox 106 3020 1342 3107">
     <span class='ocr_line' id='line_1_27' title="bbox 106 3020 1342 3107; baseline 0.001 -19"><span class='ocrx_word' id='word_1_221' title='bbox 106 3027 231 3104; x_wconf 89' lang='lat' dir='ltr'><strong>nititur,</strong></span> <span class='ocrx_word' id='word_1_222' title='bbox 253 3043 312 3105; x_wconf 90' lang='lat' dir='ltr'><strong>qua</strong></span> <span class='ocrx_word' id='word_1_223' title='bbox 333 3024 510 3087; x_wconf 87' lang='lat' dir='ltr'><strong>Homericus</strong></span> <span class='ocrx_word' id='word_1_224' title='bbox 531 3020 583 3085; x_wconf 91' lang='lat' dir='ltr'><strong>illc</strong></span> <span class='ocrx_word' id='word_1_225' title='bbox 606 3021 695 3096; x_wconf 90' lang='lat' dir='ltr'><strong>locus</strong></span> <span class='ocrx_word' id='word_1_226' title='bbox 718 3021 756 3084; x_wconf 94' lang='lat' dir='ltr'><strong>de</strong></span> <span class='ocrx_word' id='word_1_227' title='bbox 779 3021 944 3105; x_wconf 83' lang='lat' dir='ltr'><strong>lilpenoris</strong></span> <span class='ocrx_word' id='word_1_228' title='bbox 972 3025 1077 3090; x_wconf 84' lang='lat' dir='ltr'><strong>umlrra</strong></span> <span class='ocrx_word' id='word_1_229' title='bbox 1097 3027 1232 3107; x_wconf 88' lang='lat' dir='ltr'><strong>scriptus</strong></span> <span class='ocrx_word' id='word_1_230' title='bbox 1338 3062 1342 3069; x_wconf 91' lang='lat'><em>-</em></span> 
     </span>
    </p>
   </div>
   <div class='ocr_carea' id='block_1_6' title="bbox 103 3123 1232 4125">
    <p class='ocr_par' dir='ltr' id='par_1_6' title="bbox 105 3123 1232 3802">
     <span class='ocr_line' id='line_1_28' title="bbox 109 3123 1232 3210; baseline 0.002 -20"><span class='ocrx_word' id='word_1_231' title='bbox 109 3137 142 3192; x_wconf 91' lang='lat' dir='ltr'><strong>et</strong></span> <span class='ocrx_word' id='word_1_232' title='bbox 160 3127 298 3207; x_wconf 82' lang='lat' dir='ltr'><strong>Necyiae</strong></span> <span class='ocrx_word' id='word_1_233' title='bbox 322 3128 454 3189; x_wconf 85' lang='lat' dir='ltr'><strong>insertos</strong></span> <span class='ocrx_word' id='word_1_234' title='bbox 480 3129 540 3189; x_wconf 88' lang='lat' dir='ltr'><strong>est.</strong></span> <span class='ocrx_word' id='word_1_235' title='bbox 572 3123 739 3188; x_wconf 90' lang='lat' dir='ltr'><strong>Verissime</strong></span> <span class='ocrx_word' id='word_1_236' title='bbox 761 3127 837 3189; x_wconf 88' lang='lat' dir='ltr'><strong>euim</strong></span> <span class='ocrx_word' id='word_1_237' title='bbox 852 3130 1073 3192; x_wconf 80' lang='lat' dir='ltr'><strong>Duentaerr</strong></span> <span class='ocrx_word' id='word_1_238' title='bbox 1092 3128 1232 3210; x_wconf 86' lang='lat' dir='ltr'><strong>„Vides</strong></span> 
     </span>
     <span class='ocr_line' id='line_1_29' title="bbox 105 3218 1231 3313; baseline 0.005 -23"><span class='ocrx_word' id='word_1_239' title='bbox 105 3228 316 3313; x_wconf 76' lang='lat' dir='ltr'><strong>philosoplrum</strong></span> <span class='ocrx_word' id='word_1_240' title='bbox 345 3229 588 3309; x_wconf 86' lang='lat' dir='ltr'><strong>celeberrimum,</strong></span> <span class='ocrx_word' id='word_1_241' title='bbox 618 3218 673 3310; x_wconf 80' lang='lat' dir='ltr'><strong>&#39;qui</strong></span> <span class='ocrx_word' id='word_1_242' title='bbox 703 3227 741 3290; x_wconf 92' lang='lat' dir='ltr'><strong>de</strong></span> <span class='ocrx_word' id='word_1_243' title='bbox 766 3228 924 3296; x_wconf 85' lang='lat' dir='ltr'><strong>divinitate</strong></span> <span class='ocrx_word' id='word_1_244' title='bbox 947 3231 1062 3294; x_wconf 77' lang='lat' dir='ltr'><strong>animae</strong></span> <span class='ocrx_word' id='word_1_245' title='bbox 1085 3230 1231 3296; x_wconf 82' lang='lat' dir='ltr'><strong>humanae</strong></span> 
     </span>
     <span class='ocr_line' id='line_1_30' title="bbox 106 3330 1230 3415; baseline 0.004 -22"><span class='ocrx_word' id='word_1_246' title='bbox 106 3333 330 3411; x_wconf 82' lang='lat' dir='ltr'><strong>somniaverat,</strong></span> <span class='ocrx_word' id='word_1_247' title='bbox 359 3330 408 3395; x_wconf 81' lang='lat' dir='ltr'><strong>laic</strong></span> <span class='ocrx_word' id='word_1_248' title='bbox 431 3331 502 3394; x_wconf 88' lang='lat' dir='ltr'><strong>nihil</strong></span> <span class='ocrx_word' id='word_1_249' title='bbox 533 3332 613 3405; x_wconf 85' lang='lat' dir='ltr'><strong>eliud</strong></span> <span class='ocrx_word' id='word_1_250' title='bbox 643 3337 805 3412; x_wconf 82' lang='lat' dir='ltr'><strong>agentem,</strong></span> <span class='ocrx_word' id='word_1_251' title='bbox 832 3352 918 3415; x_wconf 85' lang='lat' dir='ltr'><strong>quam</strong></span> <span class='ocrx_word' id='word_1_252' title='bbox 947 3336 981 3396; x_wconf 92' lang='lat' dir='ltr'><strong>ot</strong></span> <span class='ocrx_word' id='word_1_253' title='bbox 1011 3352 1140 3414; x_wconf 89' lang='lat' dir='ltr'><strong>corpore</strong></span> <span class='ocrx_word' id='word_1_254' title='bbox 1174 3353 1230 3398; x_wconf 91' lang='lat' dir='ltr'><strong>se·</strong></span> 
     </span>
     <span class='ocr_line' id='line_1_31' title="bbox 105 3430 1231 3518; baseline -0.002 -19"><span class='ocrx_word' id='word_1_255' title='bbox 105 3436 190 3518; x_wconf 92' lang='lat' dir='ltr'><strong>pulto</strong></span> <span class='ocrx_word' id='word_1_256' title='bbox 212 3436 315 3498; x_wconf 87' lang='lat' dir='ltr'><strong>umbra</strong></span> <span class='ocrx_word' id='word_1_257' title='bbox 337 3434 473 3514; x_wconf 75' lang='lat' dir='ltr'><strong>Stygem</strong></span> <span class='ocrx_word' id='word_1_258' title='bbox 496 3435 680 3497; x_wconf 82' lang='lat' dir='ltr'><strong>transmittet</strong></span> <span class='ocrx_word' id='word_1_259' title='bbox 700 3430 758 3516; x_wconf 87' lang='lat' dir='ltr'><strong>(ol.</strong></span> <span class='ocrx_word' id='word_1_260' title='bbox 780 3433 871 3512; x_wconf 86' lang='lat' dir='ltr'><strong>Virg.</strong></span> <span class='ocrx_word' id='word_1_261' title='bbox 895 3433 976 3496; x_wconf 83' lang='lat' dir='ltr'><strong>Aen.</strong></span> <span class='ocrx_word' id='word_1_262' title='bbox 998 3433 1118 3513; x_wconf 64' lang='lat' dir='ltr'><strong>vienn</strong></span> <span class='ocrx_word' id='word_1_263' title='bbox 1132 3434 1231 3518; x_wconf 78' lang='lat' dir='ltr'><strong>sqq),</strong></span> 
     </span>
     <span class='ocr_line' id='line_1_32' title="bbox 105 3533 1231 3619; baseline 0.001 -21"><span class='ocrx_word' id='word_1_264' title='bbox 105 3554 164 3599; x_wconf 91' lang='lat' dir='ltr'><strong>non</strong></span> <span class='ocrx_word' id='word_1_265' title='bbox 197 3539 262 3598; x_wconf 90' lang='lat' dir='ltr'><strong>sine</strong></span> <span class='ocrx_word' id='word_1_266' title='bbox 282 3535 483 3619; x_wconf 70' lang='lat' dir='ltr'><strong>etquvetq‘ab</strong></span> <span class='ocrx_word' id='word_1_267' title='bbox 506 3536 633 3599; x_wconf 85' lang='lat' dir='ltr'><strong>Horatio</strong></span> <span class='ocrx_word' id='word_1_268' title='bbox 656 3535 771 3614; x_wconf 90' lang='lat' dir='ltr'><strong>induci,</strong></span> <span class='ocrx_word' id='word_1_269' title='bbox 801 3553 888 3617; x_wconf 91' lang='lat' dir='ltr'><strong>quem</strong></span> <span class='ocrx_word' id='word_1_270' title='bbox 912 3535 951 3596; x_wconf 92' lang='lat' dir='ltr'><strong>de</strong></span> <span class='ocrx_word' id='word_1_271' title='bbox 971 3533 1131 3614; x_wconf 78' lang='lat' dir='ltr'><strong>Archytae</strong></span> <span class='ocrx_word' id='word_1_272' title='bbox 1152 3554 1231 3599; x_wconf 89' lang='lat' dir='ltr'><strong>oau-</strong></span> 
     </span>
     <span class='ocr_line' id='line_1_33' title="bbox 105 3633 1230 3716; baseline 0.004 -18"><span class='ocrx_word' id='word_1_273' title='bbox 105 3637 189 3716; x_wconf 81' lang='lat' dir='ltr'><strong>lrogi</strong></span> <span class='ocrx_word' id='word_1_274' title='bbox 216 3634 312 3696; x_wconf 87' lang='lat' dir='ltr'><strong>morte</strong></span> <span class='ocrx_word' id='word_1_275' title='bbox 340 3635 397 3693; x_wconf 83' lang='lat' dir='ltr'><strong>iam</strong></span> <span class='ocrx_word' id='word_1_276' title='bbox 425 3651 551 3714; x_wconf 91' lang='lat' dir='ltr'><strong>puerum</strong></span> <span class='ocrx_word' id='word_1_277' title='bbox 578 3633 732 3699; x_wconf 85' lang='lat' dir='ltr'><strong>Venusiae</strong></span> <span class='ocrx_word' id='word_1_278' title='bbox 758 3651 855 3714; x_wconf 89' lang='lat' dir='ltr'><strong>saepe</strong></span> <span class='ocrx_word' id='word_1_279' title='bbox 883 3634 1039 3698; x_wconf 81' lang='lat' dir='ltr'><strong>audivisse</strong></span> <span class='ocrx_word' id='word_1_280' title='bbox 1060 3638 1230 3712; x_wconf 72' lang='lat' dir='ltr'><strong>,verisimile</strong></span> 
     </span>
     <span class='ocr_line' id='line_1_34' title="bbox 105 3732 588 3802; baseline -0.004 -2"><span class='ocrx_word' id='word_1_281' title='bbox 105 3735 195 3802; x_wconf 82' lang='lat' dir='ltr'><strong>est·“</strong></span> <span class='ocrx_word' id='word_1_282' title='bbox 232 3732 298 3798; x_wconf 81' lang='lat' dir='ltr'><strong>co.</strong></span> <span class='ocrx_word' id='word_1_283' title='bbox 319 3733 397 3797; x_wconf 86' lang='lat' dir='ltr'><strong>inira</strong></span> <span class='ocrx_word' id='word_1_284' title='bbox 419 3735 457 3797; x_wconf 95' lang='lat' dir='ltr'><strong>ad</strong></span> <span class='ocrx_word' id='word_1_285' title='bbox 483 3754 531 3796; x_wconf 85' lang='lat' dir='ltr'><strong>vs.</strong></span> <span class='ocrx_word' id='word_1_286' title='bbox 556 3736 588 3798; x_wconf 69' lang='grc' dir='ltr'><strong>ι.</strong></span> 
     </span>
    </p>

    <p class='ocr_par' dir='ltr' id='par_1_7' title="bbox 103 3830 1229 4125">
     <span class='ocr_line' id='line_1_35' title="bbox 132 3830 1229 3922; baseline -0.002 -20"><span class='ocrx_word' id='word_1_287' title='bbox 132 3830 136 3837; x_wconf 72' lang='grc'><strong>’</strong></span> <span class='ocrx_word' id='word_1_288' title='bbox 206 3835 348 3902; x_wconf 78' lang='lat' dir='ltr'><strong>Ceterum</strong></span> <span class='ocrx_word' id='word_1_289' title='bbox 371 3834 429 3911; x_wconf 81' lang='lat' dir='ltr'><strong>hoc</strong></span> <span class='ocrx_word' id='word_1_290' title='bbox 451 3853 570 3899; x_wconf 84' lang='lat' dir='ltr'><strong>carmen</strong></span> <span class='ocrx_word' id='word_1_291' title='bbox 592 3840 683 3909; x_wconf 82' lang='lat' dir='ltr'><strong>etium</strong></span> <span class='ocrx_word' id='word_1_292' title='bbox 703 3857 742 3902; x_wconf 88' lang='lat' dir='ltr'><strong>eo</strong></span> <span class='ocrx_word' id='word_1_293' title='bbox 766 3838 883 3901; x_wconf 90' lang='lat' dir='ltr'><strong>nomine</strong></span> <span class='ocrx_word' id='word_1_294' title='bbox 905 3838 1026 3917; x_wconf 81' lang='lat' dir='ltr'><strong>insigne</strong></span> <span class='ocrx_word' id='word_1_295' title='bbox 1051 3840 1117 3918; x_wconf 89' lang='lat' dir='ltr'><strong>est,</strong></span> <span class='ocrx_word' id='word_1_296' title='bbox 1149 3839 1229 3922; x_wconf 91' lang='lat' dir='ltr'><strong>quod</strong></span> 
     </span>
     <span class='ocr_line' id='line_1_36' title="bbox 105 3939 1226 4023; baseline -0.004 -18"><span class='ocrx_word' id='word_1_297' title='bbox 105 3942 242 4005; x_wconf 83' lang='lat' dir='ltr'><strong>Graecae</strong></span> <span class='ocrx_word' id='word_1_298' title='bbox 263 3939 402 4004; x_wconf 89' lang='lat' dir='ltr'><strong>dictionis</strong></span> <span class='ocrx_word' id='word_1_299' title='bbox 423 3940 527 4002; x_wconf 84' lang='lat' dir='ltr'><strong>l&#39;orruis</strong></span> <span class='ocrx_word' id='word_1_300' title='bbox 549 3941 694 4004; x_wconf 84' lang='lat' dir='ltr'><strong>abundet.</strong></span> <span class='ocrx_word' id='word_1_301' title='bbox 738 3943 871 4023; x_wconf 75' lang='lat' dir='ltr'><strong>Eamque</strong></span> <span class='ocrx_word' id='word_1_302' title='bbox 891 3941 930 4003; x_wconf 87' lang='lat' dir='ltr'><strong>ob</strong></span> <span class='ocrx_word' id='word_1_303' title='bbox 945 3959 1082 4004; x_wconf 82' lang='lat' dir='ltr'><strong>caussam</strong></span> <span class='ocrx_word' id='word_1_304' title='bbox 1103 3943 1135 4002; x_wconf 86' lang='lat' dir='ltr'><strong>ct</strong></span> <span class='ocrx_word' id='word_1_305' title='bbox 1151 3958 1226 4021; x_wconf 91' lang='lat' dir='ltr'><strong>pro-</strong></span> 
     </span>
     <span class='ocr_line' id='line_1_37' title="bbox 103 4039 1226 4125; baseline -0.006 -18"><span class='ocrx_word' id='word_1_306' title='bbox 103 4048 174 4125; x_wconf 83' lang='lat' dir='ltr'><strong>pter</strong></span> <span class='ocrx_word' id='word_1_307' title='bbox 190 4059 318 4105; x_wconf 71' lang='lat' dir='ltr'><strong>mersum</strong></span> <span class='ocrx_word' id='word_1_308' title='bbox 344 4041 416 4121; x_wconf 62' lang='grc' dir='ltr'><strong>ιι,</strong></span> <span class='ocrx_word' id='word_1_309' title='bbox 446 4043 572 4104; x_wconf 92' lang='lat' dir='ltr'><strong>nondum</strong></span> <span class='ocrx_word' id='word_1_310' title='bbox 599 4043 757 4123; x_wconf 86' lang='lat' dir='ltr'><strong>perlectae</strong></span> <span class='ocrx_word' id='word_1_311' title='bbox 780 4044 856 4107; x_wconf 87' lang='lat' dir='ltr'><strong>artis</strong></span> <span class='ocrx_word' id='word_1_312' title='bbox 879 4044 1098 4121; x_wconf 87' lang='lat' dir='ltr'><strong>documentum,</strong></span> <span class='ocrx_word' id='word_1_313' title='bbox 1120 4039 1226 4120; x_wconf 89' lang='lat' dir='ltr'><strong>primi-</strong></span> 
     </span>
    </p>
   </div>
   <div class='ocr_carea' id='block_1_7' title="bbox 15 4142 1219 4226">
    <p class='ocr_par' dir='ltr' id='par_1_8' title="bbox 15 4142 1219 4226">
     <span class='ocr_line' id='line_1_38' title="bbox 15 4142 1219 4226; baseline -0.004 -17"><span class='ocrx_word' id='word_1_314' title='bbox 15 4172 25 4180; x_wconf 91' lang='lat'><strong>·</strong></span> <span class='ocrx_word' id='word_1_315' title='bbox 104 4147 155 4210; x_wconf 90' lang='lat' dir='ltr'><strong>tlis</strong></span> <span class='ocrx_word' id='word_1_316' title='bbox 179 4147 289 4226; x_wconf 90' lang='lat' dir='ltr'><strong>poetae</strong></span> <span class='ocrx_word' id='word_1_317' title='bbox 312 4145 341 4205; x_wconf 89' lang='lat' dir='ltr'><strong>lu</strong></span> <span class='ocrx_word' id='word_1_318' title='bbox 362 4142 421 4206; x_wconf 87' lang='lat' dir='ltr'><strong>lroe</strong></span> <span class='ocrx_word' id='word_1_319' title='bbox 444 4143 543 4224; x_wconf 80' lang='lat' dir='ltr'><strong>lyrico</strong></span> <span class='ocrx_word' id='word_1_320' title='bbox 566 4163 683 4223; x_wconf 82' lang='lat' dir='ltr'><strong>genere</strong></span> <span class='ocrx_word' id='word_1_321' title='bbox 705 4144 955 4208; x_wconf 86' lang='lat' dir='ltr'><strong>annumerandum</strong></span> <span class='ocrx_word' id='word_1_322' title='bbox 977 4161 1051 4206; x_wconf 87' lang='lat' dir='ltr'><strong>esso</strong></span> <span class='ocrx_word' id='word_1_323' title='bbox 1074 4159 1219 4206; x_wconf 83' lang='lat' dir='ltr'><strong>censeo·</strong></span> 
     </span>
    </p>
   </div>
   <div class='ocr_carea' id='block_1_8' title="bbox 103 4244 1226 4510">
    <p class='ocr_par' dir='ltr' id='par_1_9' title="bbox 103 4244 1226 4510">
     <span class='ocr_line' id='line_1_39' title="bbox 207 4244 1226 4331; baseline -0.002 -23"><span class='ocrx_word' id='word_1_324' title='bbox 207 4264 240 4308; x_wconf 84' lang='lat' dir='ltr'><strong>v.</strong></span> <span class='ocrx_word' id='word_1_325' title='bbox 264 4244 294 4307; x_wconf 87' lang='lat'><strong>1.</strong></span> <span class='ocrx_word' id='word_1_326' title='bbox 336 4267 526 4330; x_wconf 79' lang='lat' dir='ltr'><strong>numeroque</strong></span> <span class='ocrx_word' id='word_1_327' title='bbox 548 4251 683 4310; x_wconf 82' lang='lat' dir='ltr'><strong>carentis</strong></span> <span class='ocrx_word' id='word_1_328' title='bbox 706 4245 838 4331; x_wconf 82' lang='lat' dir='ltr'><strong>urenae]</strong></span> <span class='ocrx_word' id='word_1_329' title='bbox 861 4248 937 4312; x_wconf 80' lang='lat' dir='ltr'><strong>diret</strong></span> <span class='ocrx_word' id='word_1_330' title='bbox 951 4245 1109 4327; x_wconf 80' lang='lat' dir='ltr'><strong>proverbii</strong></span> <span class='ocrx_word' id='word_1_331' title='bbox 1131 4244 1226 4306; x_wconf 88' lang='lat' dir='ltr'><strong>instar</strong></span> 
     </span>
     <span class='ocr_line' id='line_1_40' title="bbox 103 4341 1225 4510; baseline -0.005 -98"><span class='ocrx_word' id='word_1_332' title='bbox 103 4347 184 4428; x_wconf 93' lang='lat' dir='ltr'><strong>apud</strong></span> <span class='ocrx_word' id='word_1_333' title='bbox 199 4345 336 4413; x_wconf 84' lang='lat' dir='ltr'><strong>Graecos</strong></span> <span class='ocrx_word' id='word_1_334' title='bbox 356 4345 486 4432; x_wconf 79' lang='grc' dir='ltr'><em>ψάμμος</em></span> <span class='ocrx_word' id='word_1_335' title='bbox 502 4343 642 4435; x_wconf 73' lang='grc' dir='ltr'>ἀριθμόν</span> <span class='ocrx_word' id='word_1_336' title='bbox 662 4346 838 4434; x_wconf 75' lang='lat' dir='ltr'><strong>naprpss‘yar</strong></span> <span class='ocrx_word' id='word_1_337' title='bbox 853 4347 957 4430; x_wconf 81' lang='lat' dir='ltr'><strong>(Plud.</strong></span> <span class='ocrx_word' id='word_1_338' title='bbox 972 4344 1070 4510; x_wconf 57' lang='lat' dir='ltr'><strong>gqll,</strong></span> <span class='ocrx_word' id='word_1_339' title='bbox 1079 4341 1149 4410; x_wconf 83' lang='lat'>108.</span> <span class='ocrx_word' id='word_1_340' title='bbox 1159 4344 1225 4425; x_wconf 69' lang='lat' dir='ltr'><strong>lile</strong></span> 
     </span>
    </p>
   </div>
   <div class='ocr_carea' id='block_1_9' title="bbox 0 0 1388 4838">
    <p class='ocr_par' dir='ltr' id='par_1_10' title="bbox 0 0 1388 4838">
     <span class='ocr_line' id='line_1_41' title="bbox 0 0 1388 4838; baseline 0 0"><span class='ocrx_word' id='word_1_341' title='bbox 0 0 1388 4838; x_wconf 95' lang='lat' dir='ltr'><strong> </strong></span> 
     </span>
    </p>
   </div>
  </div>
 </body>
</html>
