2768 4838
126 431 227 495 citatis
252 430 409 509 fastigium
432 429 547 509 fnisse,
570 447 629 513 qno
653 446 749 508 paene
765 432 802 492 ad
822 430 945 493 deorum
959 430 1164 495 inrnroriaiiunr
1180 449 1257 494 oon·

126 533 273 596 diaiononr
296 532 400 595 euecti
421 533 479 593 sibi
511 531 707 612 viderentur,
728 533 753 593 si
777 533 956 613 praesertim
978 536 1136 614 poetarum
1158 552 1256 615 prae-

125 636 221 696 coniis
241 635 479 697 celebrarentur.-
521 634 598 697 Nam
626 634 700 715 „Tu
737 653 829 712 vero,
861 634 1082 716 iiutirymenes,
1112 635 1256 715 Aeginae

126 737 282 801 Victoriae
305 738 403 799 deae
428 737 457 797 in
479 736 639 816 ampiexus
661 738 795 817 ruisti“,
824 738 893 798 sive
922 739 1018 817 „ipsa
1040 739 1099 801 dea
1120 737 1258 802 Victoris

126 845 157 904 te
179 838 321 920 amplexa
346 839 435 919 est“,
460 838 624 922 splendide
645 859 720 903 sane
742 841 915 903 dictumest
936 857 992 920 pro
1016 858 1054 903 eo
1076 840 1156 924 quod
1178 843 1255 905 sirn-

124 942 246 1024 piieiter
269 941 425 1005 dicendum
446 943 530 1005 erat:
563 942 643 1022 „Tu
668 945 825 1006 victoriani
852 940 996 1018 Aeginae
1024 942 1169 1006 tulisti“:
1199 944 1256 1005 sed

124 1044 263 1108 consulto
280 1047 378 1106 tamen
397 1048 429 1105 et
450 1045 492 1106 ita
516 1042 633 1125 quidem
659 1044 768 1106 diotunr
792 1046 850 1122 est,
876 1047 908 1104 ut
929 1044 1016 1125 quasi
1031 1044 1175 1108 diuinitas
1190 1046 1256 1107 eins

124 1150 274 1211 victoriae
305 1148 435 1209 indioata
462 1147 521 1227 sit,
554 1164 641 1227 quarn
670 1164 768 1227 prope
797 1147 890 1209 divini
912 1165 948 1209 ao
970 1148 1145 1229 sempiterni
1166 1145 1258 1208 nobi·

124 1250 195 1311 iinon
222 1248 396 1328 hymnorum
427 1247 560 1310 honores
595 1251 860 1330 consequerentur.
904 1247 970 1312 Cir.
996 1247 1034 1312 C.
1058 1248 1120 1328 IV,
1143 1248 1181 1330 2,
1208 1246 1259 1311 17.

124 1352 193 1414 Νοο
217 1352 342 1431 dubito,
373 1354 443 1433 quin
464 1352 609 1415 Horatius
638 1349 689 1411 vei
724 1350 761 1411 ad
789 1349 868 1414 inuno
892 1353 989 1433 ipsum
1018 1351 1070 1414 vei
1101 1351 1140 1413 ad
1168 1350 1258 1414 aliurn

124 1453 250 1515 simiiem
273 1453 370 1515 ioounr
398 1456 573 1536 respexerit
594 1452 734 1534 Pindari,
765 1473 782 1515 a
806 1473 865 1536 quo
887 1455 1043 1517 victoriam
1068 1452 1257 1535 Olynnpionrn

124 1558 275 1618 mutuatus
299 1558 394 1619 esset.
419 1592 458 1600 -
484 1555 626 1620 Ceterum
650 1557 804 1639 painra,
826 1561 906 1621 toste
929 1558 1017 1621 Livio
1031 1554 1074 1636 X,
1095 1552 1151 1636 47,
1170 1558 1257 1620 nerto

124 1657 253 1741 quodam
275 1661 409 1737 ternpore
439 1660 541 1721 addita
563 1664 613 1722 est
640 1678 770 1722 coronae
800 1659 999 1738 oleagineaer
1031 1676 1155 1741 quarnnr
1179 1656 1258 1722 haee

125 1763 217 1843 rapiti
239 1763 368 1823 uictoris
385 1760 536 1843 Olympici
557 1762 788 1841 imponebatur,
811 1761 864 1824 iiia
883 1763 912 1824 in
935 1764 1094 1825 dexteram
1112 1759 1258 1823 dabatur:

125 1863 164 1925 de
186 1881 246 1946 quo
264 1863 394 1924 Pausan.
415 1864 498 1943 viii,
518 1862 572 1945 48,
590 1865 621 1926 2.
644 1864 722 1925 dixit
744 1868 884 1945 quantum
905 1867 981 1927 satis
1002 1867 1068 1943 est,
1090 1863 1116 1923 si
1138 1861 1258 1923 Horatii

125 1966 291 2027 auotoritas
314 1982 373 2025 non
396 1965 536 2027 sufficiat.
571 1964 650 2027 Vide
674 1963 809 2027 Boecirh.
832 1967 863 2029 in
882 1967 968 2028 Pind.
989 1968 1030 2027 fr.
1052 1963 1106 2029 45.
1125 1984 1158 2045 p·
1179 1946 1257 2027 578.

231 2087 263 2128 v.
285 2064 318 2128 8.
361 2074 462 2127 certat
481 2065 602 2152 toliere]
627 2073 716 2130 utvs.
746 2067 801 2130 ll:
825 2068 1060 2146 gaudentem
1081 2064 1257 2146 findere,

125 2191 175 2232 vs,
199 2169 258 2232 20:
279 2170 439 2230 deruere
461 2173 640 2251 spernit,
660 2188 710 2232 vs.
729 2166 787 2233 34:
809 2171 972 2249 refugit
992 2169 1174 2248 tendere,
1190 2168 1257 2231 vid.

125 2275 204 2336 dixe.
227 2271 282 2353 lv,
306 2272 338 2335 4.
381 2270 636 2349 Tergeminis
672 2273 887 2336 honoribus
909 2277 1009 2336 autern
1032 2290 1123 2335 aasns
1145 2275 1258 2335 sextus

125 2381 194 2456 est,
222 2394 280 2437 non
304 2374 426 2436 dativus
449 2373 655 2439 Graecanious
683 2376 834 2439 Ldbkerir
860 2376 983 2456 „Wenn
1008 2375 1062 2437 nrit
1082 2371 1258 2437 dreiiauhen

125 2476 226 2540 iihren
256 2497 293 2538 nu
320 2474 452 2538 eriroinen
472 2477 607 2559 kanupft,
636 2479 847 2543 wetteifert“.
878 2477 945 2543 cn.
968 2480 1046 2542 Tae.
1066 2475 1145 2538 Ann.
1170 2475 1201 2555 1,
1223 2472 1257 2540 3.

125 2600 177 2662 ap.
201 2579 297 2643 Oreil.
323 2578 437 2643 Contra
461 2578 554 2660 (1.1,
581 2578 634 2645 35.
657 2580 790 2645 Fortuna
816 2582 946 2643 vertit
975 2580 1131 2643 funeribus
1152 2579 1257 2642 trinni-

124 2680 219 2763 phoS,
244 2677 428 2765 οἷνατρένιει,
450 2680 643 2760 καταβάλλει.

230 2782 338 2845 ν..11.
379 2783 504 2862 findere
523 2779 662 2864 aureolo]
700 2778 841 2843 Conferri
861 2782 969 2862 potest
988 2780 1152 2845 Solonis
1169 2778 1257 2843 loeus

125 2883 231 2948 similis
254 2884 292 2946 de
315 2883 447 2945 diversis
470 2882 616 2946 hominum
642 2881 770 2963 studiis,
803 2880 895 2962 lileg.
917 2883 956 2944 ir.
982 2881 1040 2965 11,
1067 2904 1102 2947 ν.
1123 2880 1168 2947 47
1191 2899 1259 2965 seq.

125 2986 340 3053 Schneidew.:
822 3033 829 3041 .

168 3087 283 3165 ’Ἀλλος
303 3095 362 3172 γῆν
384 3088 532 3170 τέμνων
554 3091 780 3172 πολυδένδρεον
802 3085 846 3162 εἷς
869 3084 1011 3155 ένιαντὸν

236 3189 406 3278 Anepsia,
435 3200 535 3265 τοῖσιν
557 3189 689 3275 καμπύλ’
711 3189 865 3274 ὂίροτρα
885 3192 980 3271 μέλοι.
1013 3189 1194 3276 (Wagn.)

126 3296 192 3363 Gir.
212 3297 290 3359 infra
314 3294 353 3358 ad
376 3313 424 3356 vs.
447 3293 512 3372 22,
538 3314 712 3379 quamquam
733 3313 786 3357 res
810 3293 920 3374 dubia,
944 3313 1011 3357 nurn
1036 3312 1103 3357 eum
1124 3295 1257 3359 inritatus

125 3402 175 3465 sir.
219 3398 296 3461 Nam
317 3393 456 3478 ἄρουραν
478 3398 610 3479 τέμνειν,
633 3392 864 3479 διατμήξασθαι
887 3393 1012 3482 ἀρότρῳ
1025 3397 1262 3479 pervolgatum

125 3506 160 3565 ut
177 3503 301 3584 opinor,
324 3517 424 3577 genus
448 3497 592 3579 loquendi
610 3498 686 3558 fuit:
717 3495 820 3576 Apoll.
829 3495 889 3558 111.
903 3496 936 3580 l,
959 3496 1036 3563 628.
1061 3497 1257 3563 1215.th

228 3622 263 3663 v·
284 3600 337 3663 14.
381 3608 466 3660 aeret
483 3596 585 3682 mare]
607 3599 744 3678 πέλαγος
763 3599 862 3681 μέσον
885 3599 1068 3681 τέμνειν,
1087 3600 1178 3665 Hom.
1198 3600 1259 3665 od.

126 3700 278 3784 111,174;
298 3700 417 3766 Ἰονίαν
440 3702 559 3781 τέμνων
576 3694 761 3780 θάλασσαν,
781 3698 869 3761 Pind.
893 3700 929 3761 P.
945 3700 1008 3785 111,
1031 3702 1112 3780 119;
1132 3701 1260 3789 τέμνεθ’

126 3798 200 3880 ἁλός
225 3799 403 3880 στενωπόν,
430 3798 699 3883 Αρο11.11,333.
722 3801 860 3881 Wagn.

227 3929 261 3970 ν.
286 3905 338 3970 15.
372 3904 561 3969 Luctantem
580 3904 692 3966 Ιοανιῖο
713 3903 861 3986 jioaddus
887 3904 1047 3993 Africum]
1070 3906 1136 3988 „ln
1158 3908 1256 3971 anino

126 4010 208 4072 forte
229 4008 334 4072 hahuit
355 4009 443 4070 Hom.
464 4008 502 4071 11.
522 4006 561 4087 11,
584 4003 665 4071 144:

273 4107 397 4189 darier
417 4103 574 4193 d‘dyopd,
601 4105 642 4183 ὠς
664 4104 786 4190 κέματα
806 4105 912 4195 μακροὶ
935 4106 1099 4187 θαλάσσης

272 4207 723 4293 Πόντοο’1καρέοιο,τᾶ
751 4213 809 4292 μέν
824 4205 860 4274 ’τ’
880 4207 982 4295 Εὖρός
1009 4234 1043 4274 τι
1069 4197 1258 4284 Νότοςτο

211 4339 216 4347 ·
264 4310 379 4400 ”Ωρορ’
407 4312 575 4388 ένταῖ·ξας“.
620 4312 847 4377 lilitsoherl.
