2768 4838
166 36 219 85 '⁴‘·‘.‚
249 36 277 87 ,ἐξ

148 116 165 151 n·
174 88 246 153 Ἴ
270 88 278 113 ”

179 152 186 173 ¹·
209 156 217 175 Ι
261 154 264 159 ’

175 434 378 499 nobilissimus
401 450 513 494 versus
536 429 604 493 olim
628 427 865 508 uNeuptuleme
890 431 1031 493 cantatus
1055 431 1084 491 in
1104 431 1201 510 testu,
1225 433 1314 514 qnod

175 536 317 617 Phiiippo
340 535 501 599 Macedoni
525 533 654 594 ultimum
678 530 743 591 tuit.
798 530 959 610 [reguntur
988 531 1069 613 apud
1091 532 1183 594 Diui.
1208 533 1315 598 Sinni.

176 639 261 702 XVI.
289 637 348 703 92:
388 636 475 720 ἄφνω
511 631 689 716 τ’ἶίφαντος
724 633 888 715 Προςὲβα,
926 627 1048 716 μακρολς
1064 632 1315 718 ,ἀφαιρούμενος

174 737 317 815 Ἐλπίδος
341 737 472 825 θανάτῳ
494 735 698 818 πολύμοχθος
711 730 836 807 Ἅιδας.
863 734 974 797 Verum
996 735 1072 798 haee
1091 739 1161 818 ipsa
1184 757 1313 820 quoque

176 845 337 924 sententia,
359 842 418 903 nisi
437 840 538 919 fallor,
564 838 785 918 Euripiden
808 842 857 902 est
872 839 924 901 vel
945 837 1155 902 exAluestide
1168 837 1312 919 78553

349 940 394 1009 Ti
417 947 470 1020 τῆς
491 940 585 1025 τύχης
605 938 667 1024 χεὶρ
688 938 804 1021 ἀφανὲς
825 933 860 1005 οἷ
877 937 1076 1025 προβήσεται,

346 1045 432 1113 κᾶστ’
451 1043 489 1110 οὗ
510 1038 662 1123 διδακτὸν,
687 1039 758 1106 οὔδ’
784 1039 940 1107 ἁλίσκεται
961 1044 1064 1130 τέχνῃ.
1170 1041 1173 1048 ’

347 1147 432 1215 ταῦτ’
452 1145 507 1214 οὖν
530 1145 665 1221 οἰκούσας
683 1150 736 1209 καὶ
755 1142 870 1227 μαθών
893 1145 970 1227 ἐμοῦ
989 1143 1085 1229 πάρα,
1173 1207 1176 1213 .

345 1248 538 1335 sinnam
563 1245 731 1326 σαοτόν,
749 1259 857 1325 πῖνε,
887 1243 956 1312 τόν
978 1244 1075 1312 καθ’
1095 1242 1246 1332 ἡμέραν

347 1358 438 1433 βίον
459 1355 617 1441 λογίζου
636 1347 718 1427 uus,
737 1344 775 1414 τὰ
797 1346 913 1415 δίλλλα
933 1353 987 1428 τῆς
1007 1346 1110 1430 τύχης,

176 1457 228 1518 vel
253 1475 295 1519 ex
316 1456 461 1519 similibus
482 1456 559 1519 loeis
578 1458 684 1536 petita.
716 1452 784 1524 Vin,
807 1457 945 1518 Pronum.
966 1474 996 1536 ρ.
1020 1451 1121 1515 xvii.
1143 1469 1190 1534 sq.

281 1579 312 1620 v.
341 1557 371 1622 8.
419 1559 521 1640 Carpe
547 1555 642 1640 diem]
692 1557 856 1622 Venusiam
886 1557 963 1620 hanc
990 1555 1195 1636 metaphoram
1215 1553 1309 1616 verbi

175 1678 344 1743 uespere
375 1666 487 1743 poetae
519 1659 617 1721 Latini
646 1660 758 1724 dehent
786 1661 934 1739 Graecis,
963 1659 1025 1720 vid.
1055 1659 1188 1727 Passuv.
1219 1675 1246 1718 s.
1273 1677 1305 1718 v.

46 1817 49 1821 .
174 1766 297 1847 δρέπειν
321 1768 353 1827 et
376 1761 508 1825 Bueulrh.
540 1761 579 1822 ad
601 1763 687 1824 Pind'.
709 1765 743 1825 P.
767 1763 828 1843 IX,
850 1759 904 1826 38.
948 1761 1024 1845 Nam
1049 1779 1128 1842 quae
1148 1760 1178 1822 id
1200 1777 1305 1837 genus

173 1867 253 1948 apud
277 1867 436 1948 Pindarum
467 1866 612 1943 leguntur
635 1866 670 1927 P.
694 1865 755 1946 Vl,
784 1864 844 1931 48:
867 1862 945 1944 ἥβαν
973 1865 1096 1946 δρέπων
1121 1864 1153 1923 et
1181 1859 1303 1941 plenius

172 1969 208 2030 P.
221 1968 276 2048 lv,
293 1967 365 2032 130:
390 1961 516 2053 δραπαλν
538 1961 621 2046 ἱερὸν
640 1965 752 2041 εδζωᾶς
777 1965 899 2044 diurnus
913 1967 948 2028 P.
966 1965 1030 2046 lx,
1050 1963 1109 2029 38:
1133 1962 1166 2027 ἐκ
1187 1963 1305 2042 λεχέων

172 2081 272 2151 κεῖραι
291 2073 434 2152 μελιηδέα
454 2073 560 2148 ποίαν,
580 2068 678 2148 P-lV,
691 2067 770 2130 llti:
794 2068 872 2149 ἥβας
891 2064 1012 2151 καρπόν
1023 2062 1198 2144 ’ἀνθήσαντ’
1219 2063 1304 2129 uiuo·

172 2174 305 2255 δρέψαι,
326 2172 431 2233 eadem
448 2171 528 2251 apud
544 2170 669 2232 Latinus
689 2172 858 2235 imitaturus
879 2172 992 2252 passim
1012 2171 1204 2252 reperiuntur
1220 2164 1305 2250 [vid.

172 2273 275 2335 Kiotn.
298 2273 376 2334 [rex.
397 2273 465 2334 Lat.
489 2292 515 2333 s.
539 2292 570 2333 v.
591 2288 719 2350 sarpere
740 2269 781 2351 9.,
806 2269 851 2352 a.)
872 2276 904 2336 et
926 2271 1184 2352 significant-sine
1208 2269 1302 2332 dubie

173 2378 207 2436 nt
232 2373 312 2454 apud
332 2373 414 2434 ilium
443 2373 562 2470 „quasi
588 2372 690 2434 florem
714 2373 766 2435 vui
790 2375 917 2437 iruetum
939 2377 1073 2437 maturae
1102 2361 1213 2435 aetatis
1242 2373 1304 2435 de-

171 2492 300 2556 cerpere
328 2478 361 2539 ui
389 2493 426 2536 en
455 2475 515 2535 irni
542 2475 713 2556 priusquam
742 2477 950 2540 evanescat“..
985 2476 1077 2540 uviri.
1103 2475 1149 2537 M.
1179 2475 1222 2555 X,
1240 2474 1305 2540 85.

171 2578 294 2671 Aetatis
316 2578 414 2639 breve
435 2595 492 2639 ver
512 2579 545 2640 et
569 2577 680 2656 primos
704 2596 829 2658 sarpere
850 2580 953 2641 flores.
1008 2581 1074 2642 Nes
1088 2578 1280 2688 similiter
1269 2597 1303 2641 rn

170 2682 256 2764 poesi
284 2679 549 2762 „pfliiuiren“·-
507 2678 721 2743 :hasuhend
741 2680 916 2760 geniussen

476 3011 479 3015 Ι
594 2904 723 2984 Curru.
750 2905 782 3000 Ι,
814 2904 873 2983 12.

270 3083 300 3124 v.
327 3061 344 3126 l
363 3082 432 3146 sqq.
481 3063 581 3141 Quem
604 3069 705 3128 uirum
727 3077 784 3129 ααδ
807 3068 904 3129 heroa
926 3067 995 3145 tyra
1018 3067 1070 3126 uel
1089 3071 1157 3162 auri

488 3164 577 3227 Tibia
598 3171 885 3249 semimersam,
915 3165 1009 3228 clio?

481 3267 581 3345 Quem
596 3268 726 3354 deum?]
766 3271 880 3352 „Hane
900 3291 918 3334 a
940 3242 1114 3334 Pindaro
1135 3270 1302 3363 sumpsit“.

168 3365 406 3451 Porphyris.
460 3367 541 3430 Mem
571 3376 713 3436 nutarunt
737 3370 886 3436 Henrieus
914 3351 1090 3455 Stephanus
1117 3373 1155 3436 ad
1184 3373 1301 3436 Anenr.

76 3540 79 3545 ,
167 3496 198 3558 p.
223 3472 302 3554 164,
324 3470 489 3553 Muretus,
520 3473 681 3536 Lambinus
706 3475 766 3538 alii.
820 3477 878 3540 Est
907 3494 980 3538 sane
1001 3476 1140 3538 introitus
1163 3474 1301 3537 sublimis

168 3578 208 3642 ai
229 3576 353 3640 Pindari
375 3575 545 3657 exemplum
568 3594 738 3659 expressus
762 3596 803 3640 ex
824 3577 945 3661 Olynrp.
967 3577 988 3639 2
1010 3578 1091 3641 init:

206 3672 487 3761 Ἀναξιφόρμιγγες
510 3679 612 3762 ὕμνοι,

210 3783 309 3844 Τίνα
331 3775 437 3850 θεόν,
467 3778 543 3846 τίν’
567 3781 689 3869 ἥρωα,
714 3785 810 3857 τίνα
833 3778 961 3864 ἄνδρα
978 3777 1200 3862 κελαδήσομενς

167 3881 262 3968 Quem
284 3881 382 3943 lucum
399 3882 544 3949 Horatius
568 3886 701 3948 imitatus
724 3885 775 3945 est
796 3885 920 3948 inversu
947 3886 1052 3949 urdine
1077 3882 1300 3964 uulluuatiuni‘s,

164 4005 235 4048 mux
269 3984 421 4065 preprium
449 3988 589 4068 impetum
618 3990 779 4051 secuturus
788 3985 818 4072 ¹]
864 3987 932 4051 Vin.
964 3987 1058 4051 orell.
1088 3988 1118 4053 in
1152 3987 1230 4049 Exn.
1264 3989 1300 4049 et

164 4087 343 4168 Bernhardy
367 4088 446 4152 Hist.
472 4091 506 4152 [r.
529 4092 565 4154 R.
591 4092 640 4153 ed.
661 4091 714 4154 alt.
738 4095 800 4156 nui.
822 4088 876 4169 20.

215 4345 245 4415 1)
266 4343 354 4406 Quare
381 4344 451 4398 haud
476 4349 533 4400 snio
559 4362 592 4400 an
619 4348 719 4400 iniuria
743 4360 800 4399 eum
830 4342 1033 4414 reprehenderit
1050 4341 1202 4401 Bueukir.
1223 4341 1241 4396 i.-
1259 4341 1294 4396 i.:
