2768 4838
343 457 507 543 Κλεάνδρῳ
529 481 575 530 τις
594 453 696 540 δλικίρ
721 479 752 518 rs
773 453 917 538 λίτρον

343 549 570 636 eductum}
594 561 667 635 νέοι,
689 551 873 638 ιιαμιίτων

387 698 424 707 -
531 695 570 707 -
676 682 721 703 -·
819 659 997 742 ἀνεγειρέτω

341 768 454 846 κῶμον,
475 759 659 844 Ἰσθμιάδος
683 785 715 827 ιο
738 765 825 835 νίκας
847 760 1007 827 ἄποινα.
1082 814 1085 819 .

134 861 209 925 Nam
231 865 309 946 quod
320 865 468 929 Pindarus
490 865 520 928 Ιι
545 867 564 929 Ι.
587 863 864 945 serpentulus:
887 865 980 946 μέλος
1000 864 1171 929 καλλίνικον
1189 866 1257 925 λο-

131 961 271 1048 ιήριον
294 970 485 1050 δαπανᾶν,γ
506 988 624 1033 carmen
648 969 771 1032 eliicere
786 968 870 1049 dicit,
893 967 923 1030 id
938 966 1067 1033 Horatio
1089 961 1256 1036 ‚testudo

132 1072 287 1150 praestat,
319 1075 353 1135 ut
384 1073 509 1136 virtutis
541 1071 674 1135 lahorem
702 1071 792 1133 leudo
822 1074 1009 1152 compenset.
1062 1066 1152 1130 Adde
1178 1063 1256 1145 quod

131 1165 369 1253 ἀνεγειρέτω
399 1181 520 1255 κῶμον,
550 1179 584 1236 ut
603 1171 658 1236 0l.
685 1172 762 1253 Vll,
781 1154 850 1235 '422
883 1168 1011 1254 ἔγειρ’
1038 1170 1136 1235 ἐπέων
1166 1157 1256 1246 οἶμον

131 1269 229 1353 λιγύν,
252 1282 301 1338 est
321 1277 440 1339 Horatii
465 1274 502 1339 (l.
519 1273 557 1355 ΙΙ,
582 1274 633 1355 lu,
650 1274 707 1340 192
740 1274 884 1357 „Apollo
906 1276 1088 1359 suscitat
1106 1265 1256 1331 Musam.“

131 1374 271 1456 Denique
291 1378 336 1439 sic
358 1378 477 1441 Horatii
499 1378 597 1441 locum
622 1379 742 1459 accepit
777 1379 825 1440 vir
854 1378 1091 1456 sagacissimus,
1124 1367 1254 1435 Lach-

131 1495 289 1539 manuus
316 1477 746 1561 adimeret.V‚312.p.·288=
770 1482 822 1563 qul
847 1498 1009 1563 cumque
1032 1479 1090 1540 nisi
1114 1494 1179 1538 cum
1199 1490 1254 1535 re·

131 1578 235 1641 latinis
257 1582 443 1654 coniunctum
467 1601 526 1644 nou
549 1601 724 1661 agnoscens
747 1581 804 1645 lroc
832 1601 953 1665 quoque
985 1582 1053 1644 locu
1075 1577 1213 1642 emendat
1236 1597 1254 1638 ο

128 1683 268 1744 meorum
276 1684 379 1748 Dulce
397 1688 531 1749 lenimen
553 1688 827 1768 medicumque
846 1688 935 1748 salue
950 1690 1008 1749 m‘te
1023 1684 1158 1746 uocanti.
1191 1679 1253 1741 lte-

129 1782 310 1847 certabatur
334 1788 478 1852 videlieet
500 1789 551 1851 ille
569 1790 699 1853 Horatio
720 1787 797 1852 haec
826 1789 972 1852 scribenti
992 1786 1117 1847 eundem
1135 1779 1253 1844 Pinda-

129 1905 193 1948 rum
217 1890 376 1951 obversari
404 1893 566 1971 poluisse,
597 1892 650 1973 qui
679 1908 776 1971 saepe
801 1892 890 1954 etiam
914 1907 1033 1954 carmen
1055 1906 1081 1947 s.
1105 1882 1253 1946 victoriae

129 1990 245 2052 laudem
273 1986 327 2072 (τὸ
355 1990 545 2072 καλ-λίνικον]
575 1989 757 2056 dixissct‘r‘r'
763 2016 832 2066 νιος
854 1996 977 2075 πλαγᾶν
997 1992 1084 2053 Nem.
1102 1983 1157 2064 ΙΙΙ,
1184 1980 1252 2062 18.,

128 2089 392 2175 lacedemonum
417 2093 623 2173 Nem.lv‚2.‚
647 2091 859 2174 φάρμακον
881 2092 1043 2158 κάλλιστον
1066 2088 1118 2162 ἑᾶς
1140 2082 1251 2165 α’ρετᾶς

129 2193 221 2275 Pyth.
244 2194 305 2274 ΙΙΙ,
331 2192 403 2258 187.
432 2196 483 2257 ulei
515 2197 578 2259 vid.
604 2196 728 2258 Dissen.
779 2194 892 2260 Verum
922 2199 1054 2275 ingenue
1083 2198 1117 2256 ut
1139 2192 1249 2266 fatear,

128 2297 197 2358 mihi
219 2295 398 2358 Lachmanni
425 2298 599 2360 coniectura
629 2298 803 2377 elegantior
826 2319 914 2384 quam
935 2301 1039 2363 verior
1063 2312 1135 2360 esse
1159 2291 1250 2353 vide·

127 2405 184 2463 tur.
228 2398 304 2461 Nam
327 2399 401 2461 illud
423 2419 582 2484 cumque
609 2401 660 2462 vul
691 2402 764 2464 miro
792 2401 937 2469 Codicum
959 2408 992 2466 ct
1012 2399 1250 2464 Scholiastarum

128 2521 278 2565 consensu
300 2506 393 2584 atque
415 2505 575 2566 manifesto
596 2490 812 2570 sententiarum
832 2524 914 2568 nexu
944 2500 973 2566 h.
996 2503 1018 2582 Ι.
1041 2503 1117 2565 satis
1139 2498 1250 2560 deleu-

127 2607 206 2668 ditur
226 2609 259 2668 ct
279 2609 478 2670 sustentatur.
529 2607 578 2669 De
601 2608 700 2670 Latini
729 2611 876 2672 sermonis
907 2606 1051 2685 analogia
1078 2610 1111 2666 et
1133 2603 1171 2663 de
1190 2618 1249 2671 ,ar-

126 2711 258 2775 clreismo
275 2706 301 2787 1)
331 2717 479 2789 quaerere
506 2710 702 2790 interpretum
733 2713 809 2774 erite
841 2709 959 2773 Graece
981 2696 1100 2769 Horatii
1123 2704 1249 2765 senten·

127 2817 197 2876 tlem
220 2813 265 2875 sie
286 2810 484 2874 reddiderim:
513 2806 591 2875 α’λλιλ
619 2807 659 2875 cd
679 2815 772 2893 χαῖρέ
795 2836 850 2893 μοι
876 2808 939 2872 uer
958 2831 1054 2872 πονο
1073 2807 1199 2885 δικαίως
1220 2793 1250 2863 c'

126 2909 372 2992 luceamtvufl)
414 2913 468 2976 Sic
489 2913 585 2995 Soplr.
611 2914 683 2978 Ant.
699 2914 774 2981 456.
795 2910 907 2978 Suum:
929 2906 994 2974 ἀλλ’
1015 2905 1078 2972 δοί
1099 2926 1196 2968 ποτε
1216 2901 1253 2990 ζῇ

125 3020 232 3095 ταῦτα,
250 3016 304 3076 Ι.ο.
322 3014 405 3094 „sed
430 3015 494 3076 iura
517 3015 620 3080 divina
641 3021 751 3100 tamen,
775 3023 927 3096 utcunque
948 3012 1017 3092 erit,
1039 3023 1161 3088 semper
1181 3023 1248 3065 ma-

125 3118 267 3183 nebunt“
277 3117 331 3198 (cl.
341 3116 391 3180 Al.
400 3114 502 3201 320.)
524 3119 631 3181 Possis
644 3122 733 3184 ctiam
747 3123 870 3184 vertere
879 3117 971 3201 χαῖρί
986 3139 1041 3196 μοι
1055 3107 1249 3175 introierim

125 3220 203 3302 οἷοί,
228 3222 247 3282 Ι.
268 3239 296 3282 ο.
324 3218 371 3282 ἀεὶ
392 3222 485 3303 χαῖρέ
510 3248 565 3302 μοι
587 3220 798 3304 ἐπικαλοῦντι,
824 3219 900 3286 ὅταν
919 3222 1050 3292 διπαίως
1070 3212 1108 3297 γε’
1127 3206 1159 3274 α’ὶ
1176 3209 1248 3274 ἐπι·

126 3327 217 3404 καλῶ,
238 3327 271 3385 ut
287 3321 397 3386 Graeci
418 3317 467 3386 δελ
487 3324 648 3403 eleganter
670 3343 817 3407 usurpare
839 3321 941 3386 solent
959 3322 1007 3384 bis
1027 3316 1249 3394 intelligentes.

125 3426 223 3508 Soplu.
237 3425 275 3489 0.
291 3423 329 3488 C·
353 3422 454 3488 15552
475 3426 642 3505 μέμνησθέ
666 3451 727 3507 μον
748 3423 905 3498 θανόντος
925 3421 1061 3504 οδτνχοῖς
1084 3415 1161 3495 del,
1179 3415 1208 3475 ll·
1222 3432 1249 3475 θ·

126 3530 215 3608 „mei
240 3543 366 3607 cumque
393 3527 502 3588 mortui
523 3527 728 3605 memineritis,
747 3528 899 3607 utcunque
917 3524 977 3604 ipsi
997 3523 1105 3585 felices
1125 3513 1250 3579 eritis.“

126 3629 170 3691 ld.
193 3627 271 3688 Phil.
296 3621 375 3687 148:
406 3620 486 3709 πρὸς
505 3620 580 3708 epis
600 3627 680 3691 αΙοί
700 3635 792 3707 χεῖρα
813 3627 986 3710 προχωρῶν
1005 3623 1111 3705 Πειρῶ
1128 3613 1165 3684 ed
1186 3643 1249 3682 πα·

127 3729 183 3817 ρόν
204 3723 400 3811 θεραπεύειν,
424 3769 445 3807 ,,
454 3728 491 3790 ad
514 3729 606 3807 sigua
631 3746 718 3791 mauu
738 3745 807 3792 mea
828 3745 952 3813 cumque
974 3727 1047 3791 data
1070 3721 1251 3807 procedens,

125 3837 171 3899 sic
191 3850 314 3913 semper
336 3830 460 3911 paratus
480 3830 593 3909 agendi
613 3832 870 3915 opportunitatem
893 3833 1038 3897 observa.
1046 3829 1067 3866 “
1103 3827 1251 3889 Peccator

132 4008 335 4024 m

179 4109 330 4180 1)Luoret.
350 4109 381 4171 V.
402 4116 460 4168 312.
484 4114 542 4169 583.
567 4111 612 4164 ubi
637 4117 700 4167 arete
717 4111 913 4169 Lachmauuum
940 4126 1111 4184 quomque
1133 4109 1249 4178 explica-

231 4195 297 4249 bant
314 4211 363 4264 pro
389 4195 587 4268 „jedosmal“,
613 4202 641 4250 ut
665 4197 875 4269 Bernhardy
898 4202 926 4253 iu
946 4213 1017 4255 ceno.
1040 4197 1080 4256 cd.
1099 4195 1181 4252 0rell.

178 4282 210 4351 2)
227 4279 284 4337 Jos.
302 4278 473 4351 Scaliger
498 4281 533 4336 ad
555 4280 652 4337 Lucilii
670 4282 730 4342 lun.
749 4283 869 4342 Aetnam,
894 4300 918 4342 ν.
937 4287 961 4340 6,
987 4295 1078 4336 verum
1100 4281 1252 4350 suspicatus

232 4364 337 4420 Horatii
356 4365 442 4420 locum
462 4362 564 4422 Graece
585 4369 625 4422 sic
645 4367 747 4423 reddit:
772 4370 849 4438 χαῖρέ
865 4371 916 4437 μοί
930 4387 999 4422 ποτε
1017 4363 1200 4421 mazaram...
