2768 4838
1156 269 1197 334 tl

68 442 146 504 l'also
169 448 340 523 suspectam
363 443 467 508 babult
485 445 523 506 H.
540 445 776 528 Peerlkamplus,
821 451 957 515 bernb.
980 455 1008 515 in
1031 457 1097 517 elus
1120 475 1196 518 cen-

68 564 158 609 sura:
184 545 284 624 „sehr
305 544 441 610 abnllclre
459 547 624 626 bogudar
644 550 745 612 stillen
768 570 947 631 sorgsamen
961 554 1071 635 Pllego
1095 576 1123 618 s.
1145 559 1195 620 bol

68 648 155 709 Hom.
177 648 213 710 ll.
237 645 284 728 o',
308 647 352 712 66
373 668 440 732 seq.
480 650 568 713 Plnrl.
595 650 681 741 Nem.
703 649 743 732 6,
764 651 808 716 68
829 674 897 737 seq.
936 655 1050 721 catull.
1070 657 1131 739 62,
1152 658 1196 725 39

66 750 180 831 sqq.“.
225 750 389 813 Pindari
410 751 525 832 locum,
556 744 633 814 uncle
661 751 738 816 baoo
763 759 883 837 sumpta
906 761 939 822 et
959 775 1111 840 expressa
1132 780 1193 842 pu-

68 855 170 933 tabat,
200 856 256 915 lam
280 854 425 932 Scaliger
446 855 593 921 indlcault
613 856 774 936 lambino,
805 864 838 919 ν.
859 857 913 923 46.
934 861 986 921 la:

110 952 291 1029 Αἷίξεται
320 955 352 1019 δ’
381 950 519 1036 ἀρετὰ,
547 954 684 1038 χλωραῖς
706 957 828 1042 ἐέρσαις
851 957 894 1034 ὥς
915 958 981 1024 ὅτε
1008 962 1195 1046 δένδρεον

550 1058 553 1063 ’
935 1060 1036 1147 ᾄσσει,

103 1155 155 1221 Ἐν
175 1169 287 1238 σοφοῖς
310 1157 430 1239 ἀνδρῶν
451 1155 590 1238 ἅερθιῒσ’
609 1159 641 1225 ἐν
663 1162 794 1235 δικαίοις
815 1183 847 1224 rs
866 1167 929 1223 κτλ.

66 1260 122 1321 His
151 1261 247 1338 igitur
274 1260 399 1324 ducibus
432 1261 618 1324 confidenter
646 1260 834 1343 explicabis:
871 1260 1022 1342 „Crescit
1043 1267 1141 1329 virtus
1164 1269 1197 1329 et

64 1364 145 1424 lama
168 1361 307 1424 Marcelli
338 1363 544 1427 adolescentis
574 1365 630 1426 sub
665 1365 897 1443 diligentissima
927 1365 1063 1446 Augusti
1092 1385 1194 1451 auun-

64 1464 123 1526 culi
147 1465 340 1546 eiusdemque
360 1467 461 1527 soceri
483 1466 577 1528 tutela
593 1466 751 1529 occulto
773 1483 887 1544 aevo,
907 1465 967 1529 be.
991 1471 1101 1531 sensim
1119 1488 1194 1532 son-

64 1569 192 1649 simque,
218 1585 276 1628 uon
299 1567 519 1630 animadversls
537 1566 698 1629 certissimi
708 1568 894 1648 ⁸incrementi
910 1570 1106 1651 temporibus,
1132 1591 1194 1634 ve-

63 1669 111 1733 lut
134 1670 224 1731 arbor
247 1687 355 1732 aevum
388 1671 507 1749 agitat,
537 1669 604 1730 dum
629 1670 759 1751 ternpus
779 1666 860 1750 quod
888 1674 1001 1735 crescit
1030 1674 1195 1754 occulitur,
1267 1653 1270 1657 ⁵

65 1791 160 1856 usque
183 1776 281 1835 tamen
303 1767 495 1852 uasorum),
537 1769 605 1854 Quo
624 1771 742 1852 quibem
763 1775 926 1852 praeconio
940 1773 1087 1836 Horatius
1108 1777 1193 1855 optl-

65 1897 140 1939 mum
163 1874 244 1936 illum
266 1872 491 1935 adolescentem
513 1872 701 1950 etAugusto
725 1871 853 1952 principi
874 1873 1048 1955 populoque
1058 1874 1194 1937 Romano
1219 1940 1225 1949 ,

63 1978 271 2058 gratissimum
303 1973 353 2054 (u.
377 1964 507 2033 Franks.
532 1973 565 2034 F.
590 1973 631 2034 H.
660 1970 1020 2055 psalmisonum,
1051 1980 1194 2058 utquam

64 2079 320 2145 etiamtum'sane
348 2092 406 2136 nou
436 2072 528 2136 mulla
559 2076 624 2136 eius
659 2075 771 2137 decora
796 2075 916 2138 referre
949 2081 1074 2158 posset,
1108 2081 1192 2141 lanto

63 2183 151 2266 plura
175 2183 204 2241 in
227 2182 381 2260 posterum
401 2175 438 2237 ab
461 2192 499 2236 eo
524 2179 710 2259 exspectare
733 2176 901 2263 uideretur,

167 2303 200 2344 v.
223 2281 267 2343 46
288 2298 374 2361 seqq.
424 2281 520 2340 micat
542 2281 621 2342 inter
641 2296 745 2342 omnes
770 2277 875 2342 lolium
897 2279 982 2341 sldus
1004 2278 1089 2340 celest
1112 2281 1195 2339 iuter

62 2393 154 2470 igneo
188 2385 283 2448 Luna
314 2379 463 2465 primores}
509 2382 561 2444 Sa
570 2402 589 2462 p
598 2380 728 2462 plr'lca,
763 2385 795 2443 ut
815 2383 956 2462 uidetur,
988 2381 1191 2462 comparatio,

63 2489 188 2566 Fragru.
206 2486 238 2551 3.
257 2485 360 2564 Neue,
383 2486 422 2545 l'r.
443 2481 475 2544 3.
497 2483 592 2545 Scbn.
613 2503 644 2564 p.
662 2466 743 2546 295}

270 2584 412 2665 Ἀσιέρες
433 2588 490 2665 μὲν
510 2579 704 2664 applausibus
726 2583 857 2650 asiduus

265 2688 331 2773 ’Ὰψ
353 2681 584 2769 ἀπόκρῦπτοισι
605 2679 737 2764 possode
759 2681 850 2766 εἶδος,

227 2800 230 2807 ’
268 2784 402 2864 ‘Oanos'
425 2786 462 2850 ἂν
484 2782 646 2863 πλῆθοςσα
667 2782 801 2865 μάλιστα
822 2785 927 2871 λάμπῃ
956 2782 958 2787 ’

338 2894 367 2954 Γ
363 2897 401 2953 ἄν
426 2885 494 2971 [ἔστι
515 2884 634 2971 πᾶσαν]
654 2885 697 2969 ²).

165 3019 198 3059 v.
218 2996 261 3060 57
283 3014 330 3077 sq.
352 2987 550 3075 (Angustus)
576 2999 666 3072 reget
687 2989 802 3068 orbem,
821 2989 870 3051 To
888 2983 1057 3071 [luppiter]
1069 2986 1192 3067 quaties

67 3097 246 3184 Olympum]
267 3101 323 3161 list
343 3099 477 3159 sortasse
499 3093 608 3154 dictum
632 3091 715 3170 illul,
739 3091 821 3172 quod
836 3088 1070 3166 Archelaus,
1095 3089 1191 3167 poeta

61 3202 328 3287 epigrammaticus
348 3200 404 3262 sub
427 3196 603 3259 Ptolemaeo
633 3193 658 3256 l.
689 3210 786 3273 rego,
818 3190 997 3253 Alexandro
1017 3189 1062 3252 Μ.
1086 3189 1193 3253 tribuit

62 3306 143 3389 apud
165 3304 245 3366 Plut.
276 3304 313 3366 cle
339 3302 473 3363 Fortuna
496 3296 589 3358 Alex.
622 3316 652 3378 p.
679 3292 754 3377 366.
784 3296 825 3354 et⁴
845 3294 874 3353 in
906 3291 1124 3355 urrumnai
1151 3290 1188 3350 ΙΙ.

61 3433 93 3493 p.
115 3406 197 3473 661:

67 3559 253 3574 ...-.-=—·-—--—-
267 3558 272 3563 ·

118 3661 146 3727 1)
164 3655 223 3712 Wie
243 3655 285 3706 ein
299 3649 382 3704 Baum
398 3645 499 3699 wicbst
513 3646 540 3696 ln
555 3643 706 3713 verborgen
726 3638 890 3704 bleibender‚
903 3635 1191 3708 stillerEntwlcklung.

114 3745 145 3813 2)
164 3739 326 3796 Muretus
345 3732 376 3786 V.
386 3731 416 3784 L.
424 3729 477 3795 lx,
499 3738 537 3786 17.
557 3727 665 3781 Pindari
684 3729 775 3797 potius
795 3724 880 3779 locum
901 3722 965 3778 lsth.
985 3720 1032 3786 111,
1050 3723 1093 3776 42.
1108 3718 1139 3773 B.
1158 3722 1191 3774 ‹le

167 3821 294 3878 Luciloro
314 3819 348 3873 ab
367 3817 480 3872 Horatio
499 3828 652 3884 expressum
671 3827 731 3866 esse
751 3811 847 3865 voluit.
884 3808 938 3864 Sed
956 3812 1028 3861 recto
1044 3799 1138 3859 Nouo
1157 3805 1190 3860 do

162 3906 286 3979 Sapphus
308 3905 368 3957 loco
392 3917 447 3956 rem
465 3903 504 3952 ita
523 3897 630 3966 expedit
648 3901 674 3950 et
698 3894 819 3949 conficit:
848 3890 912 3957 „Ex
937 3890 1020 3944 uerbo
1038 3890 1192 3959 praesentis

165 3994 294 4064 temporis
314 3985 516 4058 ἄποκρὺστσισι
536 3988 561 4036 et
577 3981 756 4051 subsequente
775 3978 907 4049 particula
925 3973 1034 4029 ὁππότ’
1053 3971 1088 4026 ἂν
1104 3985 1190 4041 appa·
1311 4012 1313 4016 .

168 4084 217 4142 ret,
236 4091 290 4130 non
308 4071 425 4126 describi
444 4085 498 4122 rem
519 4068 623 4120 lucente
641 4066 705 4118 luna
723 4069 828 4128 actam,
853 4061 901 4115 sed
928 4058 1032 4113 voculis
1049 4055 1101 4123 μὲν
1116 4060 1143 4106 et
1161 4050 1191 4107 δὲ

168 4165 237 4214 inter
255 4176 285 4214 se
301 4158 395 4212 relatis
414 4157 465 4208 rim
483 4150 595 4205 subesse
613 4149 831 4217 comparabimus,
852 4150 891 4198 ita
908 4148 937 4195 ut
955 4144 983 4194 in
1002 4140 1089 4192 altero
1108 4151 1189 4190 menr-

73 4226 80 4242 ·
166 4247 216 4300 bro
235 4247 277 4299 vir
295 4243 337 4297 vel
362 4240 452 4311 puella
472 4248 559 4305 aeque
583 4233 719 4286 diceretur
740 4235 850 4300 praeter
873 4229 997 4281 comitum
1017 4222 1123 4276 turbam
1142 4236 1188 4276 ex-

167 4330 272 4388 cellere.
307 4324 341 4380 Ut
358 4323 495 4385 Horatius,
516 4320 629 4373 collatus
647 4331 664 4369 a
680 4314 755 4370 Falu.
775 4313 883 4372 Ursino.
903 4309 991 4365 Germ
1012 4308 1038 4374 l,
1061 4313 1102 4371 12,
1117 4307 1188 4365 46.“

912 4395 960 4459 5,
