2768 4838
1205 263 1268 310 HV

138 478 140 483 >
200 466 205 497 2.
233 433 267 496 lu
289 435 660 517 epistularumque,
686 435 793 518 qulbus
813 435 894 498 uallo
916 436 1102 518 perfectiora
1124 437 1176 496 aut
1197 453 1263 495 ma-

129 537 243 600 turiora
263 538 380 615 lugenti
402 542 591 600 monumenta
612 537 675 598 lieri
692 542 835 619 possunt,
859 543 894 601 ut
914 539 1059 619 plurimas
1073 535 1258 599 Graecorum

124 637 230 702 lltaras
259 656 296 701 ae
323 639 475 702 doctrinas
504 622 594 720 piane
623 639 652 700 in
680 656 801 701 succum
824 643 856 702 et
886 641 1260 718 sanguiuemcouversas

124 739 319 821 admiramur,
355 742 399 805 ita
433 760 588 824 perpauca
618 742 792 804 imitationis
822 728 962 822 uestigia
988 739 1257 821 deprehendimur.

123 843 211 927 Quae
237 844 372 924 quoniam
394 845 557 908 eorumdem
579 846 645 907 iere
666 847 821 908 auctorum
847 847 970 924 esseut,
1000 844 1049 926 qui
1072 828 1164 923 supra
1185 841 1256 904 dicti

124 947 195 1006 suut
216 948 342 1026 practer
365 947 512 1028 hyrmos,
541 966 606 1011 cum
635 946 844 1027 superioribus
866 947 980 1026 pas'sim
1005 944 1157 1008 coniunxi.
1201 942 1257 1003 His

122 1065 210 1108 uuum
232 1047 402 1110 alterumve
423 1051 603 1129 scriptorem
626 1050 679 1113 vel
701 1048 912 1131 philosophiae
930 1047 983 1111 vol
1001 1046 1181 1108 didacticum
1204 1043 1257 1106 rel

124 1151 350 1228 grammaticum
359 1148 598 1212 Alexandrinum
618 1150 813 1213 adiiciendum
836 1156 908 1212 esse
928 1149 1018 1212 lacilo
1038 1147 1181 1212 concedo.
1221 1144 1256 1207 lu

122 1251 203 1314 Arte
230 1251 351 1330 quidem
374 1251 498 1313 Poetica
524 1270 589 1314 cum
617 1256 793 1334 praeceptis
815 1253 988 1315 Horatianis
1015 1254 1066 1313 sat
1091 1249 1175 1312 multi
1196 1236 1257 1310 loci

122 1370 166 1416 cx
188 1351 436 1416 Aristotelis
459 1353 536 1416 libro
567 1359 639 1437 napi
660 1357 818 1433 ποιητικῆς
847 1361 880 1419 et
906 1372 948 1417 ex
971 1353 1104 1416 eiusdem
1133 1349 1252 1413 Rheto-

125 1573 329 1585 nm—

228 1725 372 1780 Bereuiccs
392 1740 495 1779 versum
522 1725 554 1779 de
581 1743 660 1781 rursu
685 1732 788 1784 Latinis
813 1733 929 1782 uumcrls
952 1723 1113 1788 reddidisse,
1140 1725 1254 1791 itemquo

230 1809 390 1865 Ouidium
414 1824 512 1880 magua
538 1825 570 1864 ex
596 1816 672 1880 parte
698 1813 816 1868 ciusdem
836 1811 935 1866 ibidem
956 1814 983 1862 ut
1002 1810 1083 1861 multa
1101 1807 1172 1871 alia,
1199 1805 1254 1858 alia

227 1897 307 1948 tilam
328 1891 570 1961 Pl⁰lleliilmr
599 1900 740 1967 utrumque
762 1903 926 1950 tamennon
952 1896 1009 1946 siue
1035 1893 1210 1959 uraguaarte
1228 1894 1255 1942 et

228 1977 349 2041 delectu,
378 1980 483 2031 Latinis
509 1980 567 2031 suis
592 1980 716 2033 versibus
740 1984 907 2048 expressisse
935 1976 1004 2046 (vid.
1029 1974 1199 2031 Valcken.
1226 1977 1254 2029 lu

230 2063 359 2129 „Gallim
384 2059 538 2132 Elegiarum
561 2062 657 2132 lragm.
683 2080 739 2119 cum
762 2064 858 2136 Elegia
877 2064 975 2119 Catulli
1000 2057 1202 2114 Callimachea“
1228 2075 1253 2128 p.

229 2153 306 2212 282„
333 2144 362 2199 M
372 2145 482 2200 ethei.
500 2145 589 2202 Praei.
608 2151 635 2202 iu
655 2147 732 2206 ovid.
754 2149 828 2209 Fast.
846 2157 873 2205 et
890 2153 918 2204 iu
936 2147 1020 2203 eiusd.
1049 2145 1132 2200 Trist.
1158 2151 1185 2199 et
1202 2143 1251 2210 lh,

169 2223 194 2273 Ἰ
228 2228 365 2303 liertrlr.
387 2222 414 2284 iu
441 2229 550 2291 Quaeso.
570 2229 651 2301 Prop.
676 2250 702 2304 p.
723 2240 773 2293 189
799 2237 886 2306 sqq.);
913 2231 1091 2287 Horatium
1112 2246 1194 2296 raro,
1224 2235 1253 2283 ut

226 2313 378 2386 aequalium
405 2320 544 2384 poetarum
572 2324 598 2372 et
624 2319 839 2388 elegantissimus
866 2325 925 2374 erat
951 2323 977 2372 ct
994 2333 1043 2371 suo
1063 2319 1121 2386 ipse
1141 2316 1252 2386 iugenio

119 2434 122 2439 -
228 2402 368 2472 plurimam
385 2399 510 2465 valebat,
537 2416 674 2472 perpauca
698 2408 823 2475 suspicor
850 2422 883 2460 ox
908 2401 1094 2458 Callimacheis
1118 2401 1153 2454 ad
1177 2416 1251 2454 ruam

228 2486 492 2545 asunaouverriroc
515 2492 595 2557 atquc
619 2490 647 2542 iu
673 2489 715 2544 his
738 2494 804 2560 ipsis
830 2490 966 2546 imitandis
985 2504 1034 2543 suo
1053 2501 1159 2556 semper
1177 2501 1252 2540 urum

226 2570 336 2627 iudicio.
370 2567 565 2624 Valckenarius
583 2573 688 2642 quidem
705 2575 773 2631 haec
790 2576 917 2630 contulit:

227 2654 373 2712 Homsat,
385 2653 478 2721 l‚2,8:
497 2657 593 2708 -ari
612 2671 660 2709 cur
676 2663 756 2727 atque
774 2660 894 2729 parentis

360 2744 361 2749 ’
544 2736 715 2792 Praeclaram
734 2743 881 2812 ingrata
899 2743 1017 2809 stringat
1033 2740 1118 2792 malus
1135 2737 1253 2807 inglu·
1357 2733 1359 2736 ⁴

691 2888 693 2892 Α
734 2871 737 2877 .
765 2829 819 2880 rie
840 2840 904 2879 reru.
923 2823 957 2878 oi.
972 2821 1056 2893 Epist.
1076 2822 1112 2887 ll,
1132 2828 1219 2886 1‚187.

228 2905 359 2960 callim.
373 2904 405 2958 ir.
417 2912 458 2961 10.
468 2904 515 2960 V·:
533 2902 647 2960 Ἀπνσα
676 2904 757 2961 rroirr'
785 2908 910 2979 ἐγένοντο
940 2906 1111 2975 παραχρῆμ’·
1141 2903 1207 2961 ὅσσα
1230 2903 1255 2960 τ’

1024 2991 1144 3048 ὀδόντων

569 3070 704 3136 Ἔνδοθι,
721 3081 885 3149 σεισίρην
901 3071 938 3134 ar’c
954 3074 1153 3148 ἀχάριστον
1171 3076 1225 3132 ida.

228 3227 513 3296 hor.u·.1,3a,14:
540 3229 598 3285 Neu
624 3231 793 3286 -Bassum
820 3231 991 3288 Threicia
1019 3237 1139 3287 riuoat
1163 3248 1254 3303 amp-

1048 3317 1152 3372 elido.

229 3397 518 3455 Gallim.lr.11.V.:
539 3399 595 3455 Kal
615 3400 667 3470 γσῖρ
693 3398 708 3452 ὅ
731 3405 906 3470 Θρηῖκίην
934 3403 986 3469 μὲν
1011 3399 1131 3468 ἀνήνατο
1156 3395 1257 3467 χανδὸν

996 3483 1153 3550 ἄμυστιν

575 3568 765 3632 Ζωρσπσσσῖν·
782 3564 862 3638 dtlyrp
880 3566 904 3621 δ’
920 3564 999 3635 ‘p'daro
1019 3564 1154 3634 κισσυβίῳ.

231 3733 334 3796 Quibus
359 3731 428 3786 adde
452 3731 517 3789 Hor.
537 3732 564 3800 l,
583 3740 614 3799 3,
637 3743 650 3791 1
670 3752 730 3806 sqq.
756 3738 798 3791 cll.
816 3738 883 3794 Gall.
908 3737 941 3791 ir.
960 3739 1010 3793 114
1027 3736 1067 3792 Bi.
1087 3736 1151 3791 Hor.
1170 3735 1257 3806 Epist.

230 3818 260 3886 1,
278 3825 312 3885 3,
343 3824 375 3874 10
392 3833 433 3887 sq.
452 3818 494 3872 cll.
514 3817 581 3873 Gall.
598 3833 639 3888 ep,
657 3818 685 3884 Ι,
705 3825 742 3887 4.,
763 3827 790 3876 et
809 3836 878 3892 quae
895 3835 977 3891 supra
998 3824 1025 3875 iu
1040 3828 1095 3876 act.
1114 3827 1154 3878 15.
1173 3821 1256 3876 colle-

229 3910 273 3958 cta
293 3907 362 3958 suut.
397 3899 436 3954 Ex
461 3900 657 3972 Apollonio
677 3903 742 3976 Arg.
763 3904 792 3971 1,
822 3915 866 3971 22,
889 3907 962 3961 iutra
980 3908 1080 3961 coutuli
1099 3922 1156 3960 cum
1176 3904 1206 3960 (ἕ.
1228 3905 1256 3970 l,

229 3991 280 4052 24,
299 3994 316 4043 2
334 4001 385 4056 sup,
405 4001 437 4040 cx
455 3985 652 4043 Theocrito
679 3988 719 4044 ld.
736 3990 831 4058 xliii,
858 3997 892 4050 19
909 4007 969 4063 sqq.
989 4007 1047 4046 cum
1065 3989 1093 4045 G.
1116 3990 1258 4054 l‚12.30

231 4087 290 4143 sqq.
311 4076 338 4125 at
363 4085 420 4124 cum
445 4068 473 4124 C.
492 4069 545 4136 lv,
571 4078 604 4139 8,
623 4081 658 4131 32
674 4089 714 4146 sq.
733 4076 805 4141 alia,
826 4091 858 4130 cx
875 4074 988 4130 Bioue
1005 4076 1045 4128 ld.
1063 4070 1130 4137 vu,
1152 4078 1257 4146 15sqq.

232 4172 288 4210 cum
310 4152 429 4219 cha,
451 4156 1079 4229 13sqq.‚erhlorohold.v1,imr.oum
1105 4159 1135 4215 c,
1155 4159 1183 4223 l,
1207 4168 1256 4225 33,

231 4243 249 4298 5
275 4254 344 4380 app„
370 4253 402 4294 eu
424 4239 608 4302 Archelao
637 4242 669 4297 ir.
696 4247 722 4298 iu
746 4241 824 4301 harh.
851 4241 879 4299 P.
902 4242 943 4308 ll,
968 4261 992 4314 p.
1019 4249 1069 4303 661
1099 4259 1154 4299 cum
1180 4246 1209 4300 G.
1231 4245 1257 4312 Ι,

126 4352 130 4359 ·
235 4329 283 4386 12,
317 4330 391 4395 laq.
1013 4376 1015 4381 .
