2768 4838
183 282 243 326 XXX

183 469 259 532 quae
283 450 321 511 ab
345 450 405 512 iilis
428 451 534 516 relicta
569 458 656 516 erant
678 455 746 536 ipse
775 453 898 530 collegi.
949 453 1046 515 Multa
1080 456 1178 514 nutem
1201 454 1232 514 in
1257 454 1320 518 iroc

182 551 286 614 libello
310 551 406 615 adhuc
436 555 545 616 omissa
576 572 646 618 esse
673 575 752 639 quae
783 557 878 619 omitti
906 574 964 617 non
1000 555 1185 632 debuerunt,
1222 556 1322 620 muita

183 674 258 719 vero
292 656 430 720 inchoata
467 659 642 741 minimeque
669 660 808 740 perfecta
837 660 955 735 inesse,
991 673 1069 737 quae
1098 657 1184 740 qnasi
1209 659 1322 738 primis

182 758 276 821 iabris
298 759 484 839 degustavi,
506 763 556 823 sat
576 760 644 841 ipse
669 760 806 843 equidem
831 761 915 832 scio;
937 761 970 821 at
986 757 1100 820 infinita
1119 763 1230 840 suapte
1256 779 1317 822 na-

183 866 251 923 tura
279 863 418 944 quaestio
446 864 496 927 est
519 867 552 925 et
574 861 632 926 hoo
661 864 772 925 initium
802 864 901 927 tamen
930 877 1001 921 esse
1033 860 1163 923 arbitror
1191 863 1238 924 rei
1264 863 1317 925 di-

183 965 365 1042 gnissimae,
399 983 478 1047 quae
501 968 658 1029 tortiorum
683 966 812 1027 virorum
836 963 993 1027 studione
1016 962 1102 1024 vires
1123 964 1153 1023 in
1175 980 1210 1023 se
1238 981 1319 1026 cou-

27 1080 33 1093 ·
91 1097 94 1103 ·
184 1070 298 1130 vertat.
342 1066 462 1131 interim
494 1066 551 1130 hoe
581 1086 639 1130 non
661 1068 814 1147 egregiae
836 1067 962 1130 alicuius
993 1082 1106 1146 operae
1133 1065 1163 1126 in
1185 1064 1320 1130 Horatio

184 1170 353 1234 collocatae
377 1171 549 1252 specimen,
575 1189 679 1232 verum
703 1170 818 1251 probae
843 1167 1049 1250 persuasionis
1073 1184 1110 1230 aa
1130 1167 1230 1230 bonae
1255 1188 1320 1232 vo-

184 1272 310 1337 luntatis
339 1273 548 1337 documentum
580 1278 705 1336 exstare
741 1272 835 1335 volni.
895 1269 1000 1351 itaque
1032 1267 1116 1332 hisce
1149 1269 1320 1332 studiorum

184 1377 322 1456 primitiis
343 1379 375 1438 ut
394 1375 431 1437 air
454 1377 491 1437 iis
516 1377 564 1458 qui
586 1375 661 1440 haee
682 1376 790 1455 iegent
812 1392 910 1456 aequa
934 1372 1022 1434 venia
1041 1373 1146 1452 detur,
1168 1391 1318 1436 summum

185 1476 351 1550 immodum
375 1495 468 1555 rogo.

289 1739 339 1796 21,
358 1730 470 1785 Stoli:
491 1729 568 1785 cinth.
586 1729 689 1802 grieeh.
708 1728 843 1801 Lyriker,
866 1726 951 1781 tiano.
962 1732 1039 1784 18⁵1,
1059 1724 1226 1780 Dindori:
1248 1723 1320 1781 Poe-

289 1822 334 1870 tae
352 1815 457 1870 Scenici
476 1810 530 1881 Gr,
552 1813 627 1884 Llps.
648 1821 731 1879 1830,
753 1813 796 1869 ed.
812 1813 859 1866 ait.
878 1811 976 1866 Oxonit
994 1815 1071 1870 1852.
1108 1810 1158 1866 Ubi
1176 1812 1252 1865 nnita
1279 1815 1322 1867 in·

289 1900 378 1954 dicata
400 1904 461 1952 sunt
494 1903 603 1954 nomina
625 1900 772 1963 editorum,
800 1895 1065 1951 Schneidewini
1084 1901 1110 1949 ct
1128 1894 1289 1951 Diodori
1296 1901 1321 1953 ii

290 1991 438 2040 contextum
459 1999 636 2055 versuumque
654 1986 861 2055 descriptionem
882 1987 989 2036 secutus
1007 1996 1072 2035 sunu.
