2768 4838
86 244 148 312 144

86 432 116 516 i,
139 429 172 514 3,
192 432 231 508 4'3
253 429 425 498 (iic.Verr.
446 433 484 514 V,
507 432 561 513 91,
584 431 646 497 53ι
670 436 819 499 trabali
842 435 957 500 clavo
978 435 1128 516 figere,
1152 437 1176 496 i.
1193 455 1221 498 c.

84 537 177 600 fixum
200 535 373 620 firmumque
396 533 551 618 iacerc.¹]
594 535 700 620 {taque
723 554 899 620 qrmmquum
922 555 1018 627 saepe
1044 539 1104 599 iam
1129 537 1221 601 Ae-

84 638 246 720 schylos
277 644 310 703 ct
338 639 485 702 Pindarus
520 639 624 701 eadem
657 641 864 701 clavorum
897 640 1030 716 imagine
1059 642 1109 701 usi
1144 646 1222 702 suut

86 742 126 806 ad
145 741 347 805 necessitatis.
360 743 420 803 vim
443 761 479 805 ac
503 741 669 804 firmitatem
690 740 925 818 designandam
947 744 1046 804 tamen
1071 743 1219 807 Graecae

83 845 257 908 imitationis
274 845 412 923 vestigia
434 844 513 926 apud
536 842 692 916 Horatium
717 842 775 935 troc
798 842 866 904 ioco
888 847 1034 922 suspecto
1054 862 1129 908 esse
1155 847 1219 908 dc·

82 948 156 1012 bont
179 951 212 1013 et
233 949 272 1010 oin
294 965 360 1010 eam
380 965 466 1028 qnam
487 946 551 1008 dixi
573 964 711 1009 caussam
734 948 767 1008 et
788 940 1035 1026 quouiaor'eiiam
1057 948 1218 1026 Fortunae

81 1050 200 1116 Antiati
223 1054 256 1113 et
281 1047 420 1130 Atirrpae
448 1049 600 1111 Etruscae
630 1049 725 1129 (quae
755 1045 940 1109 Graecorum
956 1044 1121 1130 ’Ἀτροπος
1148 1055 1217 1130 cst)

81 1153 191 1217 clavi
213 1152 395 1234 inautiquis
414 1151 609 1214 monumentis
631 1150 812 1212 trinomium
852 1146 931 1211 Vide
949 1150 1073 1216 ,Oreitii
1090 1153 1171 1216 dixe.
1191 1155 1214 1216 Ι.

83 1256 133 1320 Ac
155 1255 225 1319 mitri
247 1254 366 1339 quidem
388 1254 547 1316 Pindarum
570 1270 645 1316 sane
666 1252 859 1314 verisimilius
881 1253 1002 1316 uidetur
1027 1253 1160 1318 iteratio
1183 1256 1214 1318 in

82 1358 184 1425 Gamo.
198 1358 252 1439 ΙΙΙ,
267 1354 322 1437 94,
342 1355 364 1420 5
383 1375 450 1440 sqq.
473 1374 561 1439 qoam
582 1352 614 1415 h.
634 1353 655 1414 1.
676 1353 873 1416 obversatum
894 1370 985 1416 csse:
1006 1373 1115 1419 verum
1130 1357 1213 1421 Ae·

81 1461 213 1541 schyti
233 1478 275 1521 ex
297 1459 409 1541 Suppl.
431 1458 497 1523 440
516 1475 586 1539 sqq·
610 1455 707 1519 iocum
730 1455 933 1535 compluribus
955 1457 993 1518 de
1013 1460 1135 1521 caussis
1154 1461 1213 1524 ad-

81 1564 191 1626 ductus
213 1581 277 1622 sum
302 1567 334 1623 ut
357 1581 420 1624 eum
442 1560 609 1623 Horatiano
641 1557 853 1621 conterendum
881 1563 1036 1642 potarem,
1068 1565 1211 1644 qnoniam

81 1664 230 1730 videlicet
252 1665 372 1744 etipse
399 1663 486 1727 iocus
508 1662 614 1724 similis
644 1665 711 1725 erat
739 1664 772 1724 et
801 1679 842 1722 ex
864 1663 997 1724 eiusdem
1023 1665 1210 1743 tragoediae

80 1788 132 1833 rs.
152 1764 218 1832 433
239 1784 288 1850 sq.
310 1766 431 1828 Horatii
450 1783 560 1827 versos
585 1763 685 1828 Caum.
701 1763 725 1843 Ι,
739 1761 792 1842 98,
809 1761 853 1826 39
873 1783 919 1846 sq.
940 1766 1089 1846 repetitos
1111 1768 1217 1831 intel··

79 1872 235 1952 lexeram,
254 1875 288 1934 et
307 1871 388 1954 qood
409 1869 485 1933 mihi·
497 1869 587 1937 ,huius
608 1870 705 1951 ipsius
728 1854 849 1950 quoque
864 1868 1003 1929 carminis
1019 1887 1066 1929 vs.
1078 1867 1118 1931 ll
1136 1890 1208 1954 sqq.

79 1977 112 2039 ei
132 1971 177 2038 99
195 1991 262 2055 seq.
282 1970 481 2053 Aeschyleae
504 1973 679 2036 imitationis
711 1975 848 2052 tempora
876 1971 984 2033 testari
1013 1970 1209 2061 videbantur.

80 2077 121 2141 Ut
143 2077 238 2155 igitur
265 2075 295 2137 iu
323 2093 359 2137 re
381 2075 499 2137 incerta
528 2073 599 2136 nihii
625 2076 701 2138 cerii
723 2073 796 2141 iicet
815 2071 980 2153 affirroare,
1010 2075 1053 2136 ita
1082 2075 1212 2140 inclinat

78 2180 191 2241 animus
212 2180 247 2240 m
267 2176 460 2240 Sciriitaio
481 2177 587 2240 credat
608 2179 659 2259 qui
680 2195 717 2238 ea
738 2178 807 2238 olim
833 2172 1074 2260 comparavit2).

177 2298 208 2341 v.
229 2276 282 2341 99.
323 2280 474 2361 liquidum
496 2274 704 2362 plumbum]
718 2278 869 2342 diadem
860 2297 889 2340 ur
922 2297 956 2342 re
985 2280 1208 2411 Euripides

78 2380 175 2446 Andr.
204 2378 353 2444 9661)..

82 2566 86 2571 .
321 2478 384 2530 -’
407 2515 451 2528 -
493 2487 546 2547 καὶ
568 2477 645 2567 γάρ
641 2507 676 2549 -ει
667 2479 842 2566 ‘niqui'
806 2505 828 2546 σ
848 2481 912 2564 ἔχει

179 2581 325 2666 τηκτὸς
343 2581 562 2667 μόλυβδος,
584 2585 781 2664 &graecoruum
801 2581 915 2667 σ’ἐγῶ.
1172 2632 1181 2637 -

182 2711 214 2754 v.
237 2678 290 2752 91.
339 2689 384 2752 Te
410 2687 505 2774 Spes]
527 2691 580 2754 Sic
603 2691 729 2754 Graecis
747 2685 886 2762 Ἐλπίδες
910 2690 981 2750 sont
995 2684 1208 2768 Ίιὶχης-ἓταῖ·

78 2800 140 2879 ραι.
182 2794 307 2858 Jacobs.
329 2789 455 2854 Antinoi.
477 2794 544 2856 min.
566 2815 598 2876 p.
620 2792 695 2857 956.
724 2787 882 2874 (Peerilr.)

161 2900 221 2943 ··'-
241 2896 313 2958 aido
341 2893 451 2957 Veloto
441 2893 593 2985 pemmo]
625 2894 774 2959 Candoris
803 2892 861 2956 doc
886 2896 918 2954 et
946 2893 1135 2955 innocentiae
1158 2895 1206 2955 si-

76 3020 178 3082 gnnm.
221 2997 343 3061 Fundos
363 2994 452 3056 huius
474 2997 687 3078 descriptionis
711 3001 761 3060 est
780 2998 810 3058 in
829 2997 990 3059 Hosiod.
1011 2993 1100 3081 Eury.
1119 2994 1206 3059 noo:

176 3106 351 3165 Λευκοῖσιν
368 3097 516 3179 occisum
537 3105 650 3183 καλυψι
642 3100 745 3180 αμένω
765 3095 848 3184 χρόα
868 3095 972 3177 καλόν,

174 3193 284 3274 Aidu'rr
304 3202 357 3263 noi
380 3201 538 3280 Νέμεσις.1
704 3264 715 3283 κ

187 3322 220 3367 v.
234 3294 294 3365 97.
336 3301 425 3363 cadis
452 3302 530 3371 Gom
549 3305 648 3388 foece.
663 3307 787 3391 moestis
812 3303 919 3389 numm]
936 3262 1056 3366 Archii.
1077 3302 1204 3382 Fragm.

75 3402 129 3487 49,
143 3400 178 3470 3.
193 3404 296 3470 Licin..
310 3398 470 3485 Ayomd'
494 3397 580 3470 οἶνον
600 3387 737 3490 devotique
760 3403 836 3472 ini
854 3402 1023 3501 τρυγᾷς.-
1037 3405 1205 3470 Adiciam

75 3510 253 3574 sermotiam
264 3507 397 3590 pertinet
413 3511 575 3588 egregium
589 3507 774 3572 Graecorum
794 3494 1009 3590 prouerbium:
1030 3508 1077 3582 ζεῖ
1092 3506 1205 3591 χύτρα,

74 3610 219 3699 &mma
241 3614 275 3674 et
294 3608 439 3690 Theogu.
462 3609 527 3675 643
547 3629 615 3692 seq.
649 3611 707 3674 cir.
732 3612 825 3676 0vid.
846 3612 892 3674 end
910 3596 1009 3676 Ponto
1031 3612 1075 3691 ΙΙ,
1106 3610 1203 3694 3,8ι

81 3712 198 3798 Volgus
216 3715 370 3776 andsitias
389 3716 526 3777 utilitate
539 3715 708 3798 producat.
799 3753 802 3757 -

91 3820 135 3905 ,Η
176 3834 211 3879 ι’.
232 3811 288 3879 98.
338 3816 480 3880 B'erw
465 3837 577 3900 rogam
604 3814 742 3900 pariter]
782 3816 894 3882 Graeci
928 3835 983 3881 eos
1017 3817 1068 3901 qui
1099 3821 1204 3882 mutuo

81 3928 185 3997 amoro
211 3917 390 3983 terrebantur
416 3920 512 3984 eidem
540 3920 616 4001 iugo
642 3911 789 4001 alligatos
811 3919 983 3986 dicebant
973 3938 1003 3983 m
1023 3919 1205 4003 prouerbio,

78 4107 282 4123 μ

126 4233 156 4303 1)
173 4232 230 4289 iios
249 4234 341 4305 pantio
360 4232 618 4302 moissiacenses
639 4226 721 4304 „niet
735 4235 791 4292 -uud
809 4237 943 4307 uageitest
961 4235 1106 4291 macheut‘.
1196 4211 1199 4216 ’

123 4330 156 4400 2)
172 4331 270 4388 schista
288 4331 450 4403 mmmmm.
469 4334 486 4396 i.
500 4349 537 4389 o:
559 4351 662 4408 „quam
680 4339 823 4407 imaginem
842 4336 899 4393 iere
912 4333 1202 4394 imitatoriiorotios.“
