2768 4838
125 270 189 336 194

123 475 189 518 rum
210 473 328 534 genera
350 473 423 518 ense
441 456 544 518 dicunt
564 457 710 520 interdum
734 459 791 520 tria
815 458 966 538 efficiunt,
989 477 1077 520 unum
1098 459 1271 526 dumtaxat

128 563 240 642 sponte
263 576 393 622 nascens
414 557 486 619 iliud
509 559 664 635 nigrarum
686 558 854 639 violarum,
876 561 1043 622 sativarum
1065 566 1174 625 autem
1198 565 1270 644 duo,

126 667 187 726 tum
211 657 334 726 λοοκόῖα
353 664 384 723 et
399 659 433 723 ἴα
454 658 565 740 κρόκεα
586 677 643 720 seu
665 659 777 722 aibas
800 660 901 722 vinias
923 664 956 724 et
976 662 1113 726 luteas
1140 665 1269 729 diruer-

126 769 244 828 ncntes.
298 762 392 827 Cuius
419 765 463 824 rei
492 762 568 824 haec
598 763 655 824 init
683 764 778 840 ratio,
811 763 890 844 quod
921 782 1010 846 quum
1041 765 1178 828 alterum
1209 767 1268 832 troc

125 886 226 947 genus
254 870 350 931 totum
379 865 549 945 complures
584 867 706 945 species
737 865 955 943 complectatur
982 864 1087 929 cninrc
1115 869 1205 931 inter
1231 889 1267 934 oe

125 971 317 1048 differentes,
342 986 430 1048 quum
452 969 530 1028 inter
551 969 671 1028 satiras
695 970 727 1030 et
748 966 837 1028 alinae
858 971 890 1030 et
913 967 1016 1030 iuteac
1040 972 1073 1032 et
1096 973 1266 1036 caerulcae

125 1076 157 1135 et
176 1087 350 1153 purpureae
375 1071 582 1149 reperiantur,
611 1072 709 1131 tamen
731 1086 833 1130 omnes
856 1071 990 1150 omuino,
1019 1074 1045 1133 si
1073 1093 1142 1136 eum
1166 1095 1264 1156 pur-

124 1176 267 1256 pureis
296 1190 376 1255 quae
399 1173 524 1253 proprie
548 1175 698 1234 vocantur
719 1189 776 1232 seu
799 1190 863 1233 cnm
894 1172 992 1250 nigris
1013 1173 1075 1236 iilis
1096 1176 1264 1240 siluestri-

123 1278 182 1338 bus
204 1276 430 1355 comparantur,
455 1275 551 1335 minus
573 1276 680 1336 ardere
704 1271 942 1356 (ὑπολεοκίζειν)
964 1275 1129 1352 videntur3
1155 1299 1177 1343 a
1204 1300 1262 1363 quo

122 1382 209 1461 ipso,
237 1398 295 1441 non
325 1396 361 1458 ,a
392 1377 502 1438 canitie
530 1377 695 1438 einerenre
724 1376 863 1438 foliorum
892 1362 1023 1438 ‹rolore‘¹
1040 1378 1091 1459 (ut
1116 1380 1208 1444 Voss
1231 1385 1263 1446 et

122 1482 296 1544 Biiierbecir
326 1478 518 1560 opinantur),
546 1479 593 1539 his
618 1480 737 1541 *cunctis
761 1479 925 1560 antiquitus
955 1483 1168 1557 λεονοΐοις
1191 1485 1261 1546 sive

121 1584 227 1645 albis
248 1581 378 1644 violis
399 1596 505 1642 nomen
527 1579 650 1643 inditum
670 1577 796 1662 est⁴²);
824 1580 879 1644 sed
904 1583 1043 1664 quoniam
1070 1580 1130 1648 troc
1156 1587 1259 1665 magis

124 1786 327 1799 ..α-..ᾡ-

153 1931 203 2000 42)
221 1929 353 1984 Pindarus
373 1926 415 1980 Oi.
432 1930 466 1990 6,
487 1930 545 1984 aa:
559 1925 627 1982 ’Ίων
640 1928 774 1993 ξανθαῖσι
792 1936 838 1983 arui
854 1928 1143 2000 παμπορφύροις
1165 1929 1260 1989 datto

222 2015 407 2084 βεβρεγμένος.
445 2012 491 2065 ubi
524 2012 699 2067 scholiastes:
736 2010 828 2068 οἷκτῖοι
864 2011 893 2069 ii
925 2010 1142 2083 παμπορφῦροιο
1174 2016 1259 2076 εἶπεν,

220 2098 317 2166 ἐπειδὴ
339 2096 410 2152 τῶν
435 2099 498 2152 ἴων
520 2097 562 2151 roi
585 2097 650 2163 μὲν
673 2094 916 2162 ὗπολονκίζει,
949 2097 991 2151 roi
1018 2095 1052 2150 ds*
1078 2101 1260 2172 πορφυρᾶ

222 2185 331 2238 ἐστιν.
367 2180 494 2234 Patior
510 2183 636 2242 nimirum
658 2180 797 2249 fulgori
816 2198 995 2252 purpureo
1016 2185 1119 2251 opponi
1137 2184 1213 2238 solet
1231 2189 1258 2240 in

224 2269 336 2323 duribus
362 2273 443 2337 atque
475 2269 582 2319 omnino
609 2267 636 2318 in
661 2266 761 2334 piantir
787 2266 985 2333 describcrrdis;
1019 2265 1204 2336 quidautem
1234 2275 1257 2325 ie

223 2353 300 2407 color
323 2349 366 2404 vei
391 2353 479 2418 potius
504 2349 596 2419 fulgor
618 2363 768 2418 purpureus
793 2356 902 2422 proprie
922 2352 1019 2416 inerit,
1043 2351 1122 2405 docet
1142 2352 1256 2408 Cassio-

222 2435 304 2489 dorus
330 2431 436 2486 Variur.
456 2431 482 2499 l,
507 2441 548 2488 2:
576 2435 658 2486 Ocior
681 2451 818 2502 purpurae
838 2447 878 2490 est
896 2439 1045 2491 obscuritas
1054 2437 1211 2491 vrutreecerro
1232 2447 1257 2492 et

220 2519 331 2586 niprcdo
350 2522 504 2586 eorpuiueo.
541 2517 574 2572 Ut
590 2521 675 2590 igitur
693 2519 764 2588 apud
780 2520 873 2574 Horat.
894 2520 943 2576 0d.
960 2520 1000 2586 Π,
1022 2527 1068 2584 12,
1088 2527 1114 2576 3.
1133 2528 1160 2576 et
1174 2521 1254 2581 Ouid.

221 2601 288 2658 Met.
305 2600 350 2679 ιΙΙ,
375 2607 435 2660 607.
452 2621 603 2672 purpureae
629 2609 655 2657 et
680 2607 807 2670 prmtceuo
832 2608 943 2676 proprie
966 2605 1038 2659 dieta
1063 2605 1116 2659 iusi
1144 2612 1254 2665 cruoris

222 2694 283 2743 sunt
307 2688 442 2757 epitheta,
475 2692 515 2744 sic
543 2688 635 2743 eadem
660 2687 898 2757 pulcherrimorum
921 2691 1016 2745 tiorum
1040 2698 1110 2748 sunt.
1154 2693 1253 2750 Horat.

221 2774 271 2830 0d.
290 2772 342 2839 111,
372 2778 419 2840 15,
447 2778 502 2831 15.:
531 2776 583 2838 tine
607 2791 758 2842 purpureus
782 2792 877 2840 rosor,
903 2773 953 2841 lv,
973 2782 1020 2840 10,
1038 2777 1080 2830 4..·
1108 2781 1155 2846 qui
1175 2785 1254 2835 color

220 2867 259 2914 eet
277 2861 406 2928 pmricene
422 2861 490 2924 tiore
507 2862 584 2926 prior
603 2847 693 2913 roone.
727 2857 782 2912 iarn
801 2873 867 2913 nero
888 2858 980 2913 eadem
1000 2876 1064 2916 rosa
1076 2864 1152 2917 cuiun
1172 2868 1253 2922 color

218 2959 371 3017 purpureus
390 2943 460 3013 apud
484 2950 580 3013 poetas
604 2951 709 2999 veteres
734 2945 892 3014 saepissime
912 2959 969 2996 cun
991 2945 1090 3001 rubore
1109 2955 1252 3019 surgentis

124 3046 129 3055 ’
219 3034 275 3088 diei
299 3027 437 3085 contendit
460 3029 592 3086 interdurn
618 3034 697 3086 etiarn
719 3033 799 3098 cipro
824 3029 937 3093 dicitnr,
966 3046 1021 3084 nou
1044 3030 1100 3083 alia
1125 3032 1252 3089 subiecta

217 3117 352 3172 sententia
370 3126 448 3182 qnam
467 3113 576 3168 ruboris
595 3116 752 3184 sanguinei,
774 3111 983 3191 velutkdelriiiee
1001 3114 1064 3167 Tot.
1085 3110 1132 3169 nt.
1151 3116 1197 3171 vl.
1216 3121 1251 3175 do

217 3201 309 3256 iudica
329 3196 441 3267 quadam
461 3212 538 3262 rosa,
557 3202 631 3254 cuine
651 3201 790 3268 puniceum
810 3193 943 3268 fulgorem
962 3201 1029 3253 satis
1043 3188 1174 3254 admirari
1194 3219 1250 3258 non

216 3289 320 3357 potest:
347 3281 476 3350 μέλαν,
504 3283 605 3352 iuquit,
631 3281 763 3336 ταῦτατὸ
782 3278 865 3356 ῥόδον
890 3277 992 3339 Ἰνδῶν.
1029 3281 1195 3342 Claudianus
1215 3289 1250 3344 de

217 3389 239 3426 r.
262 3369 339 3425 Pros.
357 3365 399 3431 ll,
419 3371 480 3424 92:

323 3455 475 3519 Smrpur'ueo
490 3454 633 3520 splendore
651 3469 746 3514 roone,
763 3451 884 3504 coenoso
901 3452 979 3519 attyro

320 3540 427 3601 Induit,
446 3547 471 3590 et
489 3541 562 3591 dulei
579 3541 665 3592 vietor
684 3539 821 3606 sempter
838 3537 932 3602 pippis.

214 3623 332 3694 Itemque
363 3622 432 3676 idem
455 3621 613 3693 hyacinthus
644 3627 784 3692 poetarum
814 3624 932 3674 veterum
960 3626 1014 3674 tum
1039 3637 1120 3673 eunuc
1147 3623 1248 3679 roiam

120 3724 128 3731 ·
212 3707 304 3776 (Virg.
330 3703 386 3760 lior.
404 3712 436 3768 3,
461 3709 520 3773 63.)
543 3715 598 3762 tum
622 3722 773 3776 purpureae
792 3701 883 3770 (ovid.
901 3702 966 3758 dict.
986 3702 1064 3770 xlii,
1090 3708 1167 3777 394.)
1190 3715 1247 3765 tum

212 3794 289 3858 ripen
312 3787 401 3860 (Virg.
419 3788 472 3844 Eoi.
492 3799 539 3857 10,
564 3796 622 3860 39.)
647 3796 759 3847 vocatur
785 3789 837 3855 ‚ob
861 3788 1032 3859 splendorem
1056 3793 1113 3845 eins
1131 3799 1247 3864 sangui.

213 3874 314 3936 nenm‘‚
339 3876 391 3944 quo
409 3872 549 3931 Gladiolus
572 3876 731 3947 byzantinus
756 3880 849 3928 noster
875 3874 936 3944 (qni
958 3879 1077 3927 vetorum
1101 3880 1271 3943 poetarum¹

209 3954 367 4028 hyacinthus
386 3958 450 4024 tuit,
473 3960 628 4031 Sprengeiii
653 3960 758 4031 quidem
782 3959 917 4012 sententia
941 3954 976 4009 ad
1001 3956 1090 4011 Dinon.
1116 3957 1168 4025 lv,
1199 3970 1246 4020 20.

212 4039 245 4095 Τ.
264 4037 297 4095 11.
323 4055 349 4110 p.
369 4047 428 4103 583.
455 4050 482 4098 et
510 4043 662 4098 Dierbaehii
687 4043 760 4097 Fior.
783 4043 862 4113 myth.
887 4059 912 4111 p.
939 4041 1013 4109 137.)
1039 4046 1152 4099 maxime
1177 4061 1245 4103 con-

211 4127 318 4196 spicuus
350 4134 399 4182 est.
451 4127 621 4182 Contrarium
647 4135 733 4182 autem
762 4125 938 4196 pallorem
963 4123 1047 4180 habes
1070 4129 1140 4197 apud
1165 4129 1245 4205 Virg.

172 4204 175 4209 ’
212 4209 278 4263 Aen.
297 4208 350 4277 xi,
368 4212 427 4269 ro:
444 4214 595 4279 lrrnprrcutr'c
613 4215 756 4285 hyacinthi,
776 4213 824 4264 Oui
837 4226 921 4278 cneque
934 4212 1120 4279 p'rrlporrrdtac
1132 4219 1247 4273 necdum

210 4310 261 4346 narr
282 4297 372 4362 formo
389 4299 515 4360 receuoir,
541 4304 567 4352 ct
592 4299 762 4354 manifestius
787 4299 866 4352 etiam
893 4298 963 4366 apud
993 4298 1167 4368 Calpurnium
1186 4300 1245 4366 Eoi,

209 4381 242 4443 9,
267 4379 323 4435 dds:
