2768 4838
128 242 172 310 58

236 450 269 492 v.
296 427 343 492 l.·
379 429 475 492 Veios
499 425 647 512 Faunus]
682 427 810 508 „Latini
838 433 966 511 poetae,
1009 431 1061 512 qui
1089 431 1271 496 munorum

133 533 300 617 priscorum
324 530 400 592 deos
424 533 456 593 et
478 548 568 593 sacra
589 549 654 592 com
672 530 800 593 Graecis
817 532 959 595 solebant
981 549 1177 614 componere,
1200 533 1271 595 La-

134 635 226 697 tinum
249 633 381 696 Faunum
408 650 472 694 cum
496 630 617 694 Graeco
647 631 749 693 Pane
780 633 1000 713 componebant
1008 655 1019 709 3
1050 651 1145 715 quare
1175 653 1271 717 quum

133 735 183 798 iric
202 730 363 818 ὀρειβάτης
382 733 438 812 stt,
465 731 517 795 ilie
547 733 629 814 apud
651 733 809 797 Horatium
831 733 955 795 velox
979 732 1132 816 (hebeni)
1158 739 1211 798 est
1235 740 1271 800 et

134 840 164 900 in
186 836 320 901 Arcadia
337 834 502 917 Lycaeum,
525 836 738 898 Paniscorum
761 841 900 916 montem,
925 837 1132 918 occupavit“.
1171 837 1269 899 Dit-

133 939 234 1003 leui.

237 1060 270 1102 v.
289 1037 321 1103 3.
366 1041 522 1124 Defendit
539 1051 691 1105 aestatem
712 1038 855 1124 capeliis]
879 1038 1067 1102 Graecanico
1089 1039 1179 1101 verbi
1196 1060 1273 1129 osu,

133 1148 167 1207 ut
188 1137 331 1225 ἆρῆγειν,
351 1137 479 1224 ἀμύνειν
495 1148 558 1206 τινί
576 1169 621 1224 τι,
645 1143 717 1206 vide
738 1143 858 1226 Zumpt.
883 1141 938 1205 Gr.
961 1141 1028 1202 irat.
1051 1138 1167 1224 §4652
1214 1143 1265 1209 lta

133 1249 189 1309 iarn
213 1245 314 1308 Plaut.
336 1242 432 1308 Most.
453 1244 485 1326 4,
511 1244 542 1327 2,
566 1244 618 1309 20.

134 1392 138 1397 ·
235 1368 267 1409 v.
290 1346 320 1409 7.
364 1344 482 1430 mariti]
506 1348 758 1434 Quemadmodum
781 1346 892 1411 Graeci
908 1342 1041 1408 Bucolici
1065 1363 1189 1426 caprum
1212 1347 1267 1410 ie-

132 1453 214 1517 siive
235 1449 434 1532 appellabant
455 1445 554 1531 ἄνδρα
576 1471 603 1510 s.
625 1449 719 1514 πόσιν
739 1453 801 1514 τῶν
823 1449 929 1529 atquin
972 1445 1104 1507 Theoer.
1117 1443 1164 1507 ld.
1182 1447 1267 1529 Viti,

131 1552 193 1618 492
215 1544 240 1617 ὦ
260 1548 365 1635 τράγε,
386 1552 444 1614 τᾶν
465 1555 572 1615 λευκᾶν
594 1553 686 1632 satyria
709 1549 793 1633 ἄνερ,
814 1551 866 1614 eli.
890 1549 979 1626 virg.
1002 1545 1162 1628 linivit,
1185 1548 1209 1611 7
1248 1568 1251 1573 ’

233 1674 266 1717 v.
290 1652 340 1717 10.
384 1653 470 1715 dulei
485 1650 608 1736 fistula]
631 1652 707 1715 Hor.
726 1655 859 1715 Faunum
882 1650 1031 1714 iistnia
1054 1651 1159 1731 donat,
1182 1670 1263 1734 quae

131 1759 182 1818 est
207 1751 318 1836 σύριγξ
346 1771 364 1815 a
386 1753 469 1816 Pane
499 1756 623 1817 inventa
653 1752 762 1835 (Virg.
786 1756 851 1819 Fet.
876 1755 915 1834 ii,
942 1751 1000 1832 32)
1021 1752 1221 1836 similiterque
1244 1775 1264 1817 u

131 1855 258 1920 Graecis
284 1850 378 1928 δόναξ
408 1858 551 1920 vocatur.
601 1856 766 1937 Antipater
796 1857 861 1921 Sid.
891 1858 920 1917 in
950 1855 1072 1917 Pindari
1102 1856 1263 1937 epitaphio

128 1957 223 2023 Anto.
246 1956 300 2021 Gr.
325 1955 364 2037 Il,
388 1976 419 2038 p.
445 1956 495 2038 19,
517 1956 610 2023 stoli.
635 1954 729 2019 noth.
753 1956 777 2036 1,
801 1979 832 2041 p.
847 1957 910 2023 86:
935 1952 1068 2040 Μάρτυς
1088 1954 1106 2021 ὁ
1127 1956 1262 2024 Μαινά-

127 2067 194 2135 λιος
215 2056 330 2144 κερόας
351 2056 445 2139 θεὸς,
473 2059 570 2141 ὕμνον
591 2055 698 2133 ἀείσας
721 2055 784 2123 Τὸν
807 2061 862 2124 σέο
886 2062 940 2123 καὶ
960 2062 1101 2140 νομίμων
1121 2058 1261 2143 λῃσάμε-

128 2185 182 2236 νας
206 2159 391 2225 δονάκων.

229 2281 262 2322 v.
290 2259 339 2323 ll.
391 2258 848 2348 Usticaeoobaous1‘flcom
878 2269 909 2327 et
939 2263 1106 2338 καθῆσθαι
1127 2260 1261 2328 Graecis

125 2363 270 2427 usitatum
297 2363 395 2428 inisse
430 2367 459 2427 in
493 2367 671 2445 regionibus
702 2367 858 2447 depressis
888 2366 927 2428 ad
956 2365 1088 2445 speciem
1117 2366 1261 2430 cubantis

78 2485 81 2489 ’
125 2465 251 2528 hominis
273 2463 372 2547 [santi
394 2465 540 2551 geiehnt)
563 2468 655 2532 docet
671 2469 858 2532 Wemsdorf
877 2467 917 2529 ad
931 2465 1044 2527 Himer.
1060 2466 1126 2531 Eel.
1141 2466 1259 2548 poan.

126 2566 258 2631 Theocr.
282 2566 367 2647 ΧΙΙΙ,
389 2567 452 2632 403
474 2565 576 2655 ἡμένῳ
595 2569 627 2634 ἐν
641 2568 750 2656 χώρῳ.
1008 2565 1016 2571 ’

235 2691 268 2734 v·
291 2669 440 2736 14-16.
485 2673 550 2737 Hic
572 2673 628 2735 tibi
646 2678 735 2756 copia
759 2673 901 2736 macrobii
923 2704 963 2714 -·
988 2671 1123 2752 benignu
1142 2670 1258 2756 romu]

124 2773 256 2840 cornu
278 2776 441 2856 copiae,
467 2779 501 2840 ut
523 2778 551 2838 id
578 2778 867 2873 genus-pleraque,
891 2773 1076 2834 Graecorum
1098 2775 1147 2833 est
1168 2790 1257 2834 eom-

124 2880 263 2956 mentom,
287 2896 411 2959 quorum
425 2877 593 2941 fabulosum
609 2882 702 2963 κέρας
714 2877 907 2963 Ἀμαλθείας
921 2872 974 2937 vel
996 2874 1089 2953 κέρας
1100 2868 1258 2960 Ἀχελῴου

124 2977 193 3061 (vid
216 2978 308 3043 naen.
330 2981 360 3040 in
383 2977 476 3041 Ouid.
496 2978 540 3040 Μ.
562 2980 620 3063 ΙΧ,
643 2980 687 3046 88
710 2987 741 3045 et
761 2980 815 3047 91.
840 2982 872 3042 et
893 2977 995 3039 Boett.
1010 2972 1162 3053 Amalth.)
1185 2978 1257 3056 pri-

124 3079 215 3139 mitus
248 3095 290 3138 ex
313 3078 505 3159 mythologia
534 3085 695 3162 repetitum
726 3086 756 3145 iu
780 3080 975 3163 proverbium
998 3076 1110 3137 abiisse
1131 3078 1256 3139 testan-

124 3183 173 3241 tur
196 3178 312 3241 Zenob.
339 3180 456 3243 Provv.
481 3181 520 3262 ii,
543 3181 596 3246 48.
617 3188 649 3248 ot
672 3183 761 3247 Ouid.
784 3184 819 3245 F.
842 3182 883 3262 5,
923 3178 984 3241 115
1007 3196 1097 3260 seqq.
1146 3176 1257 3261 Itaque

125 3278 254 3360 Phocyi.
279 3281 330 3342 Fr.
353 3280 384 3343 2.
409 3281 502 3344 Seno.
530 3305 560 3366 p.
584 3284 644 3350 37:
675 3281 774 3369 ἀγρὸν
802 3281 864 3367 γὰρ
889 3306 921 3347 rs
942 3283 1088 3362 λέγουσιν
1109 3276 1254 3361 ’Λμαλ-

125 3385 195 3447 dei
201 3407 244 3457 ας
266 3382 386 3466 κέρας
398 3377 526 3465 cirenei
541 3387 654 3451 Anaer.
669 3389 708 3449 ir.
722 3386 753 3449 7.
763 3385 856 3449 Schn.
866 3421 904 3431 -
921 3385 976 3447 tibi
986 3380 1254 3465 manerbithroe'-

125 3501 181 3550 cac
196 3487 245 3548 est
259 3483 450 3564 elegantiae:
470 3483 563 3570 ὄλβος
585 3486 709 3575 ἐπιρῥεῖ
726 3513 795 3567 τινι,
816 3484 964 3573 καταῤῥεῖ
982 3485 1026 3558 εἴς
1046 3506 1125 3547 τινα.
1147 3485 1255 3567 Eurip.

124 3583 208 3648 Med.
225 3586 326 3652 1229:
352 3584 446 3669 ὄλβου
469 3586 677 3677 ἔπιρῥαέντος,
701 3609 745 3652 sc.
769 3588 861 3671 ἀνδρί
879 3614 947 3652 τινι.
967 3587 1053 3647 Bion.
1078 3584 1110 3666 l,
1133 3585 1195 3650 552
1212 3586 1249 3651 rei

125 3688 235 3751 δθπᾶν
256 3683 349 3751 καλὸν
370 3689 402 3763 ἒς
425 3694 461 3755 σὲ
481 3689 643 3781 καταῤῥεῖ,
667 3694 717 3756 cll.
742 3690 873 3753 Theocr.
889 3690 932 3751 ld.
951 3689 981 3768 i,
1005 3687 1038 3750 o.
1060 3693 1093 3752 et
1114 3689 1189 3752 Hor.
1214 3689 1251 3755 C.

125 3786 151 3870 i,
169 3786 223 3869 28,
238 3787 298 3854 28:
321 3791 374 3853 tibi
398 3791 555 3859 defluat
577 3813 674 3877 aequo
700 3792 737 3855 ab
760 3792 850 3854 Jove.
873 3792 926 3853 Sic
948 3788 1043 3868 solos,
1067 3793 1099 3852 ut
1121 3791 1255 3870 videtur,

125 3888 286 3971 florenos..
318 3892 396 3956 Vide
418 3895 542 3959 Mitsch.
562 3897 600 3958 od
624 3894 654 3956 ir.
677 3895 696 3956 l.
720 3899 753 3958 et
775 3896 898 3958 Dissen.
918 3891 956 3952 ad
978 3891 1065 3952 Pind.
1088 3891 1124 3953 Ρ.
1147 3890 1172 3972 1,
1196 3891 1252 3957 46.

229 3998 269 4057 v?
285 3992 334 4058 18.
377 3996 442 4077 fide
471 3994 562 4080 Teia]
586 3999 799 4078 Anacreontis,
822 3997 895 4061 vide
921 3996 1060 4057 Prooem.
1082 4013 1115 4074 p.
1140 4011 1193 4056 xx.

225 4115 257 4158 v.
280 4095 334 4160 20.
377 4102 569 4184 vitreamque
592 4100 715 4184 Circen]
760 4099 880 4162 Nobile·
899 4097 971 4158 iilud
998 4093 1155 4176 epitheton
1184 4097 1251 4158 vi-

107 4194 262 4278 ·t'roam,
284 4203 318 4263 ut
333 4201 449 4263 taceam
473 4202 511 4263 de
533 4203 744 4282 inconstantia,
772 4204 865 4263 utrum
889 4199 926 4260 de
949 4198 1039 4260 viridi
1062 4216 1159 4280 aquae
1182 4219 1250 4261 ma·

121 4290 204 4355 rinae
234 4297 337 4362 colore
360 4320 398 4363 au
428 4301 465 4363 de
495 4304 658 4385 splendore
689 4302 918 4385 pulchritudinis
940 4288 1171 4378 intelligendum
1197 4303 1248 4382 sii,
