2768 4838
533 188 549 223 a

1159 246 1223 325 Q.-

91 426 290 504 origine-non
314 427 441 518 anrplius
466 429 604 502 dubitare
625 421 793 511 posslmus,
822 431 883 501 tum
912 431 986 494 lllud
1011 432 1102 496 etlam
1124 432 1214 514 plane

91 531 333 610 perspiciamus,
345 526 430 614 poam
455 548 552 612 prave
562 525 707 594 'nonnulli
720 541 743 592 'o
752 550 769 593 e
778 532 837 595 las
853 534 1098 615 interpretentur
1112 531 1217 615 „ddi-.

90 634 247 712 raroa‘f
278 630 405 697 cra‘au
431 632 468 696 C.
491 632 529 714 1,·
557 633 606 697 ll.
621 635 693 696 ¹init.
716 636 749 717 et
768 634 868 715 llpod.
889 633 997 716 XVll,
1022 635 1087 700 ,69ι
1116 634 1214 717 „sed

91 736 231 796 vetant
253 728 373 813 leges
396 736 415 796 J
422 734 554 798 oulc.“
589 735 655 799 lam
679 752 755 796 vero
775 737 802 796 si
825 735 863 796 de
885 739 1010 799 auctore
1032 739 1214 820 quaerimus,

90 833 327 901 Archilochi
356 838 459 918 locos,
491 836 767 919 quem'Jacolrsiue
798 837 836 898 ad
864 834 991 900 ¹Anthol.
1020 838 1074 902 Gr.
1097 839 1136 904 Τ.
1158 825 1213 901 Vl.

89 955 119 1015 p.
145 935 219 1003 149.
243 958 317 1001 com·
330 940 458 1001 Horatio
483 939 688 1018 conparavit,
710 955 768 998 non
791 938 910 1018 plenam
932 942 1112 1004 sententiam
1137 959 1213 1004 cou-

89 1039 197 1113 tiuet„
220 1038 318 1104 Dee'st
339 1042 427 1120 euleu,
448 1042 528 1122 prrod
551 1042 624 1120 po'st
638 1039 794 1116 Tragicos
816 1039 927 1101 deesse
950 1057 1010 1102 uon
1034 1043 1139 1107 debuit
1158 1061 1214 1107 nec

89 1142 190 1203 omisit
219 1141 383 1226 Horatius,
412 1143 461 1203 fas
492 1143 588 1211 deum
642 1140 758 1224 Quodsi
787 1139 868 1201 illius
890 1144 1070 1205 sententiam
1091 1146 1216 1208 secutus

80 1239 141 1304 ¹est
162 1242 326 1323 Horatiusr,
354 1241 439 1306 'certe
472 1262 537 1308 cum
560 1242 763 1319 Tragicorum
785 1242 873 1303 dictis
901 1235 1074 1320 coniunxit3
1106 1263 1148 1306 ex
1167 1243 1216 1304 his

40 1350 42 1355 '
89 1346 190 1405 autem
214 1344 436 1426 Euripidem
462 1344 559 1407 malim
588 1342 886 1425 quattr‘Sophoclem
909 1345 1024 1408 Nostro
1058 1348 1214 1411 obversa-

90 1448 149 1507 tum
181 1464 270 1526 esse,
298 1449 433 1529 quoniam
461 1447 524 1508 ille
537 1447 680 1527 princeps
709 1446 923 1506 sententiarum
952 1467 1065 1527 parens
1095 1452 1127 1511 et
1149 1451 1217 1512 erat

90 1552 123 1610 et
146 1546 316 1611 halebatur
341 1549 380 1610 al)
401 1549 556 1630 omuibus,
581 1566 639 1610 nec
662 1548 699 1610 alt
724 1546 792 1615 aliis
815 1549 914 1629 magis
937 1567 1024 1631 quam
1045 1550 1084 1612 alt
1110 1550 1215 1612 Hora·

89 1652 141 1712 tio.
185 1620 257 1714 vm·
279 1653 417 1713 Prooem.
439 1669 469 1732 p.
490 1665 546 1712 ιιι-1
569 1650 640 1730 sqq:
656 1646 727 1710 Ac
752 1648 789 1710 de
811 1648 942 1729 Virgilio
964 1669 1057 1731 sopra
1086 1651 1216 1713 vidimus

89 1756 231 1846 quantum
254 1748 330 1815 satis
353 1754 414 1814 est.
458 1752 581 1832 ltaque
586 1750 644 1811 nisi
667 1767 713 1810 me
731 1753 832 1824 omnia
840 1753 974 1832 tollunt,
996 1751 1055 1815 lroc
1079 1753 1144 1813 lero
1162 1752 1216 1813 di-

90 1855 132 1915 cit
151 1841 314 1919 Horatios:
334 1853 408 1932 „st
431 1853 579 1915 Graecum
605 1854 729 1931 poetam
759 1853 914 1933 audimus,
940 1855 1027 1919 cuius
1049 1853 1218 1917 oententlae

89 1958 122 2016 to
144 1957 214 2036 ipse
236 1972 356 2035 quoquc
378 1953 575 2041 vehementer
590 1951 781 2032 comprobas,
800 1953 924 2033 Virgili,
945 1954 1050 2015 duarum
1066 1952 1125 2017 hoc
1144 1971 1218 2015 saue

89 2060 157 2138 est,
173 2057 245 2118 'sed
275 2060 375 2117 tamen
404 2045 511 2118 fatalia
534 2057 674 2133 tanquam
697 2052 821 2114 deorum
846 2053 972 2118 decreta
993 2056 1145 2136 patienter
1165 2056 1223 2117 fe·

89 2160 183 2221 reuda
204 2163 291 2231 erunt3
317 2157 464 2237 patientia
491 2174 567 2217 vero
590 2156 705 2235 optima
734 2155 874 2227 malmum
898 2155 1086 2217 medicioa.“
1139 2154 1220 2219 Sunt

54 2264 57 2270 '
89 2263 118 2322 in
143 2262 203 2322 isto
237 2245 355 2340 quidem
378 2275 497 2334 genere
519 2246 739 2319 diiudicationio
763 2258 924 2322 arbitraria
941 2258 1089 2339 pleraque
1114 2260 1146 2321 ct
1167 2258 1217 2320 in-

90 2367 186 2444 certa,
206 2354 263 2423 sed
284 2360 394 2442 aliquid
411 2365 512 2443 tamen
534 2361 571 2422 ad
595 2361 756 2425 veritatem
770 2360 928 2440 ‘prolicere
951 2362 1115 2442 possumos'
1131 2378 1217 2422 ¹corat·

89 2468 254 2550 paratlouis
276 2465 445 2548 diligentia⁸
459 2466 494 2535 et
516 2459 722 2544 exemplorum
744 2463 947 2525 similitudine.
968 2501 970 2506 -
999 2461 1041 2525 Ut
1068 2463 1165 2540 igitur
1186 2461 1242 2523 ln‘

89 2572 111 2632 l.
132 2569 311 2647 Virgilium,
335 2568 377 2629 ita
398 2567 436 2626 io
454 2566 612 2646 splendido
635 2554 762 2627 exordio
788 2552 891 2640 Carm.
912 2565 953 2644 ll,
974 2563 1006 2628 3.
1029 2565 1218 2629 Dellium'ct

89 2675 117 2734 in
151 2670 236 2734 exitu
266 2669 367 2732 Germ.
397 2666 459 2745 lV,
492 2667 544 2728 12.
575 2665 701 2726 eundem
730 2663 890 2741 Virgilium
922 2666 1027 2727 verbio
1056 2666 1218 2747 alloquitur

90 2772 286 2857 Euripideie,
307 2764 413 2849 petitis
435 2785 476 2827 ex
498 2765 563 2847 lph.
588 2767 627 2828 Α.
650 2784 699 2827 vs.
724 2763 789 2828 919
809 2784 877 2848 sqq.
900 2770 933 2831 et
955 2786 1004 2828 us.-
1023 2765 1088 2830 924
1110 2785 1157 2848 sq.
1175 2764 1217 2848 ¹),

127 3046 220 3115 t)-Sio
239 3049 308 3100 euim
328 3045 445 3100 Achilles
463 3045 505 3100 ihi
517 3045 646 3117 grandem
665 3045 814 3098 orationem
834 3059 907 3100 suam
927 3045 1080 3100 exorditur:

227 3129 411 3240 ‘oppidaque
425 3153 476 3201 μοι
466 3136 539 3188 cdv
525 3129 609 3199 υμόι
627 3131 735 3198 αἴρεται
751 3127 854 3200 πρόσω,
1067 3142 1071 3150 ·

229 3215 287 3271 ι’πι
284 3220 423 3272 'roraret
412 3215 476 3272 adt
494 3238 554 3271 τοι
543 3218 696 3272 ιιικαιιο
684 3215 737 3268 rol
760 3234 776 3266 τ
782 3210 954 3284 ’ἀσχαλᾶν

228 3305 380 3371 μετρίως
399 3322 435 3356 τι
460 3305 578 3370 palpat
568 3319 678 3353 curor
667 3301 740 3353 ”cuv
760 3298 1015 3370 ἐξωγκωμένοι
1005 3319 1042 3356 ις·

194 3386 229 3439 cl.
249 3385 318 3438 Fr.
311 3401 363 3440 mc.
384 3393 442 3442 170.
461 3383 500 3440 D„
512 3383 692 3454 (Prooemp.
710 3383 782 3452 um.)

194 3471 301 3538 Horatii
319 3476 406 3523 autem
426 3470 511 3524 uerba
527 3473 590 3522 sunt
606 3465 664 3538 hoc,
675 3466 753 3519 modo
771 3465 801 3519 C.
819 3466 853 3531 11,
872 3473 896 3524 3.

229 3553 379 3622 Aequam
400 3558 564 3606 memento
584 3550 689 3603 rebus
706 3551 741 3600 lu
759 3549 883 3603 arduis

224 3634 382 3692 Servare
401 3641 557 3696 mentem,
583 3635 809 3686 nonsecusin
828 3630 931 3686 honio

263 3719 312 3774 Ab
338 3718 515 3773 insolenti
538 3722 766 3787 temperatam

299 3802 478 3867 Laetitia,
500 3804 628 3857 moriture
645 3801 716 3857 Dolll

195 3886 289 3958 Pergit
304 3887 422 3943 Achilleo
439 3887 537 3942 ibidem
555 3890 652 3957 paucio
665 3886 789 3949 uersibus
806 3888 970 3941 interiectis:

225 3970 351 4027 Ἔστιν
367 3973 434 4044 μὲν
452 3967 513 4028 οὖν
533 3970 582 4026 ἵν’
600 3968 665 4040 idai
682 3971 729 4044 μή
747 3972 829 4049 tlara
846 3972 1003 4041 φρονεῖν,

230 4056 304 4112 tortu
319 4056 348 4113 δὲ
367 4051 458 4126 χῶπου
473 4053 607 4125 χρήσιμον
622 4053 733 4128 γνώμην
751 4053 836 4125 ἔχειν·

197 4157 265 4213 quae
282 4145 383 4213 magis,
403 4147 432 4196 ut
451 4143 562 4211 opinor,
580 4138 743 4210 re'epoodemt
759 4138 917 4197 Horatianis
936 4138 965 4194 o.
982 4138 1033 4204 lV,
1053 4145 1102 4194 12:

231 4226 318 4282 Misce
335 4228 475 4282 stultitiam
494 4226 615 4280 consiliis
634 4224 756 4279 breuemt

265 4312 372 4367 Dulce
399 4317 453 4367 cat
476 4311 643 4380 desipere
668 4312 703 4362 im
729 4309 817 4363 loco.
