2768 4838
177 268 217 332 12

178 455 300 516 Homeri
323 453 482 532 memoria,
511 454 580 534 qula
602 450 642 513 ibl
662 450 794 513 humatio
818 469 883 514 eum
906 451 994 512 iustis
1022 448 1178 527 religiosis
1207 447 1308 513 locum

178 557 292 619 habere·
312 574 371 618 nou
393 557 526 636 poterat.
551 552 615 615 Cir.
628 550 667 616 C.
691 552 715 632 1,
736 552 790 631 28,
810 554 876 614 init.
918 552 1003 613 ilaue
1024 551 1309 631 interpretationem

178 660 330 720 sententia
348 657 522 719 necessario
537 655 688 732 efflagitat
695 676 705 729 3
724 655 802 718 infra
816 655 930 716 demum
951 655 1110 734 „hetum
1134 654 1307 733 corripiens

179 760 338 839 gradum“
363 776 521 840 personam
550 757 658 837 induit,
688 763 722 819 ut
743 755 889 830 Θάνατος
912 760 941 819 iu
964 755 1116 836 Euripidis
1144 752 1308 817 Alcestide

180 864 213 922 et
232 861 308 921 idem
331 860 461 922 hetum
489 878 539 939 ap.
564 859 653 936 Virg.
684 860 761 920 Aen.
784 860 842 938 Vl,
866 859 940 922 277.
1342 866 1345 871 '

282 982 314 1022 ν.
343 959 391 1024 18.
440 963 502 1039 Qui
519 964 609 1023 siccis
630 964 726 1023 oeulis
740 997 780 1004 —
794 960 885 1045 vidit]
905 945 976 1025 ¹Hoc
999 961 1161 1035 Horatius,
1186 958 1309 1020 Beru-

179 1062 329 1143 burdyo
368 1061 534 1148 iudleel),
574 1063 736 1141 scripsisse
769 1063 891 1126 videtur
920 1064 1081 1126 secundum
1113 1060 1309 1140 Aeschyl.

178 1167 269 1247 Sept.
299 1163 396 1229 tibh:
420 1170 526 1248 ξνροῖς
547 1160 730 1236 ἀκλαύστοις
751 1160 907 1244 ὅμμοσιντ
936 1168 985 1228 ubi
1014 1169 1085 1228 item
1115 1166 1199 1226 notio
1229 1165 1312 1227 meet

178 1270 286 1330 mentis
301 1249 536 1347 rigidissimae,
572 1265 686 1343 iuriae,
722 1283 799 1346 quae
834 1285 989 1350 numquam
1024 1269 1104 1331 hecti
1137 1270 1242 1350 possit
1280 1272 1311 1330 in

178 1372 329 1434 lacrimas.
373 1371 449 1431 Nam
474 1361 550 1448 ξηροὶ
571 1363 697 1448 ὄμματα
725 1369 870 1432 ο.“οἰοοί
897 1370 999 1434 oculi
1021 1372 1144 1452 primum
1165 1371 1310 1433 tribuun-

180 1478 229 1536 tur
253 1476 280 1535 el
310 1471 420 1534 bomini
456 1470 505 1550 qui
533 1469 640 1530 dudum
663 1469 780 1532 destitit
812 1470 1048 1550 alacrimando,
1074 1473 1181 1532 deinde
1204 1474 1233 1534 ci
1257 1476 1310 1555 qui

179 1578 379 1639 alienissimus
401 1577 449 1636 est
471 1592 488 1634 a
510 1563 603 1633 seusu
628 1572 772 1633 suaviore
794 1577 825 1634 et
846 1565 1036 1637 humaniore:
1059 1579 1108 1636 est
1131 1575 1227 1652 igitur
1248 1574 1310 1635 bo-

180 1702 245 1761 mo,
271 1683 321 1762 qui
344 1695 499 1759 numquam
522 1674 656 1755 potuerit
683 1673 821 1735 lacrimas
843 1679 980 1739 fundere.
1025 1676 1090 1741 Cir.
1113 1677 1255 1756 Propert.
1277 1676 1310 1755 1,

182 1784 240 1863 17,
270 1784 305 1845 ll
326 1801 409 1864 seqq.
455 1778 500 1840 lta
523 1796 650 1855 magnus
674 1778 829 1839 bentleius
848 1784 880 1840 et
902 1780 1045 1842 Horatius
1067 1779 1178 1859 optime
1202 1779 1310 1840 concl-

178 1886 299 1949 liautur.
402 1893 404 1897 “

284 2009 315 2050 ν.
334 1987 385 2052 19.
432 1984 496 2061 oon
514 1984 592 2046 uidit
614 2003 702 2044 mure
723 1979 898 2065 turgidum}
930 1981 1058 2044 Confert
1082 1981 1310 2058 Wagnerus

174 2090 307 2152 Ἠθοίοᾶ.
331 2088 390 2150 Ἧι.
410 2085 486 2149 106:
507 2082 619 2157 πόντος
640 2116 680 2130 -
693 2083 816 2164 οἴδματι
834 2080 939 2161 θύων,
969 2087 1001 2144 et
1025 2105 1055 2146 v.
1073 2079 1150 2145 131:
1172 2084 1311 2164 πέλαγος

181 2189 356 2269 -οἷϋματι
377 2192 469 2266 dior,
491 2187 545 2249 sed
555 2188 680 2267 propius
703 2187 820 2249 accedit
833 2184 905 2246 illud
913 2184 1109 2265 Aeschyli
1126 2186 1213 2245 Pers.
1230 2183 1310 2248 110:

183 2296 318 2371 Epaulion
343 2288 376 2354 δ’
396 2275 581 2371 εὖρνπόροιο
603 2285 767 2363 θαλάσσης
791 2285 1024 2367 πολιννινομένης
1039 2285 1188 2368 πνεύματι
1202 2284 1311 2371 λάβρῳ

180 2388 305 2473 Ἐςορνῖν
328 2389 456 2456 πόντιον
482 2387 596 2464 ἄλσοςι
650 2390 702 2473 qui
729 2390 814 2454 loeus
843 2389 921 2452 baud
945 2392 1008 2452 scic
1039 2410 1076 2452 an
1102 2391 1227 2452 lloratio
1249 2391 1310 2451 ob-

183 2497 326 2557 uersatus
361 2480 462 2556 fuerit.
513 2493 589 2555 Nam
630 2492 736 2555 vidit
773 2511 900 2573 prorsus
932 2498 980 2555 est
1007 2491 1127 2575 ἔμαθεν
1164 2493 1312 2576 dcccciv
1369 2514 1372 2520 ·

125 2582 127 2589 ¹
183 2598 203 2657 1.
232 2614 261 2656 ο.
290 2596 433 2657 sustinuit
450 2589 500 2674 ²),
530 2599 563 2655 et
590 2612 691 2656 marc
728 2595 927 2674 turgidum
966 2595 1139 2675 Aeschylus
1174 2599 1313 2658 ornatius

183 2698 363 2778 descripsit:
396 2697 603 2778 „Neptunium
641 2702 758 2778 pratum
788 2700 870 2761 vasti
893 2700 1000 2779 maris,
1042 2700 1175 2761 violento
1198 2700 1312 2780 impetu

182 2801 268 2864 venti
291 2802 404 2882 spumis
424 2800 662 2865 incanescens“.
705 2799 818 2861 Eadem
832 2800 1007 2881 metaphora
1022 2801 1163 2864 Cicero
1185 2801 1312 2876 indra-

184 2904 243 2965 teis
265 2921 339 2963 usus
360 2904 454 2965 dixit:
478 2904 660 2984 „Neptunia
680 2906 769 2982 prata
792 2904 978 2983 secantes“,
1001 2908 1034 2966 et
1057 2903 1226 2968 θάλασσαν
1249 2930 1313 2968 πο-

183 3007 376 3086 λιοινομὲνην
396 3007 528 3068 imitatus
556 3010 607 3068 est
636 3003 822 3075 Catullus
850 3001 909 3083 61,
941 3003 999 3068 13:
1035 3007 1224 3087 „Tortaque
1258 3026 1314 3068 re-

185 3108 279 3184 migio
312 3109 427 3187 spumis
456 3109 589 3170 incanuit
626 3105 746 3168 unda“.
800 3105 908 3188 Quidni
942 3108 1037 3184 igitur
1072 3108 1215 3171 credibile
1252 3111 1314 3190 sit,

186 3207 292 3268 eodem
315 3206 470 3269 Horatium
490 3209 670 3289 respexisse
693 3209 848 3270 incudem
871 3205 982 3271 simili?

290 3329 322 3369 ν.
346 3307 399 3371 25.
443 3313 565 3374 Aonas
591 3312 695 3372 omnia
720 3307 856 3392 perpeti}
895 3314 985 3391 γένος
1015 3305 1050 3372 nd
1081 3306 1178 3373 δεινὸν
1208 3297 1316 3375 πάντα

186 3413 291 3490 τλῆναι
319 3413 339 3473 1.
365 3429 393 3474 e.
424 3410 611 3496 πάντολμον.
673 3413 726 3474 Sic
758 3411 935 3492 Aeschylus
963 3413 1029 3490 Ag·
1058 3415 1133 3478 221.
1156 3413 1195 3474 D.
1217 3413 1315 3491 Aga-

186 3515 331 3578 memnoni
349 3534 392 3577 ao
414 3516 516 3596 potius
546 3514 680 3576 omuibus
708 3515 884 3579 mortalibus
913 3514 1050 3577 attribuit
1074 3511 1109 3578 td
1138 3513 1315 3581 παντότολ-

185 3642 245 3698 μον
276 3627 420 3698 φρονεῖν,
456 3605 725 3682 εῑοῬίοοοῐοο
753 3619 863 3696 fragon.
895 3617 927 3681 5.
952 3619 987 3678 ll.
1015 3617 1138 3680 Herculi
1167 3618 1251 3681 dedit
1280 3616 1315 3684 ad

187 3718 363 3800 πάντολμον
392 3723 525 3798 σθένος,
569 3718 600 3781 b.
631 3738 661 3781 e.
696 3720 787 3780 robur
822 3719 944 3799 quiduis
980 3720 1094 3782 uudens
1126 3740 1151 3782 s.
1184 3721 1316 3801 „audax

187 3825 282 3887 omnia
306 3822 467 3903 perpeti“.

184 4042 391 4052 ——-----.-....

239 4176 267 4245 1)
291 4177 321 4232 ln
343 4195 413 4235 cens.
432 4194 484 4233 reo.
505 4175 627 4243 Puerile:
655 4175 746 4239 „ruach
766 4177 911 4250 Aeschylus
931 4180 1004 4250 Sept.
1022 4186 1081 4240 681.
1102 4184 1175 4252 (696,
1194 4181 1240 4252 D.)
1264 4200 1315 4254 ge.

291 4263 440 4321 nrbcitct“.
1220 4302 1223 4308 .

237 4361 268 4428 2)
285 4337 464 4416 valebunt.
488 4361 515 4413 iu
534 4355 622 4415 (ilem.
642 4359 675 4413 ud
704 4377 742 4415 ur.
765 4366 825 4420 11⁵.
