2768 4838
1139 276 1202 344 187

71 458 156 520 cuius
179 460 299 537 signum
330 461 412 540 erat,
442 458 523 524 diota
550 460 732 540 reperiatur.
784 462 933 526 Martialis
959 461 1006 542 X,
1033 462 1098 544 lu,
1131 465 1200 531 lez

71 584 165 644 quum
196 565 278 646 furit
309 561 455 644 Lyaeus,
500 563 603 639 Quum
628 574 774 648 regnat
802 587 913 646 roeo,
949 584 1041 648 quum
1070 569 1201 632 madent

69 666 187 748 capilli„
225 665 306 726 ldem
330 664 391 745 lll,
414 662 477 745 68,
498 664 550 729 5.:
583 654 720 749 deqroeito
738 670 812 750 poet
829 672 903 730 vina
931 656 1118 757 nocuoque
1132 697 1196 758 pu-

69 769 154 831 dore.
197 769 274 830 Hinc
296 766 551 831 Pseudauacreou
572 765 632 846 53,
647 765 708 849 433·
737 765 833 850 φυτόν
857 767 1016 852 ἄμβροτον
1037 782 1196 841 Λυαῖον

69 876 179 951 vocat,
208 870 347 953 quoniam
377 886 448 938 rosa
478 865 520 933 ad
547 871 648 931 vinum
678 872 872 952 praecipuum
903 880 1144 940 coronamentum
1165 882 1198 940 et
1311 942 1319 949 ,

70 977 136 1035 erat
156 980 188 1035 et
209 973 377 1034 habebatur
385 993 395 1046 3
422 976 456 1037 et
472 975 552 1055 -quia
582 992 653 1035 rosa
680 974 733 1036 vel
764 975 957 1054 praecipuum
980 981 1053 1040 erat
1076 979 1196 1057 signum

68 1076 205 1139 laetitiae
228 1075 401 1138 convivalis
430 1094 467 1137 ac
495 1075 685 1157 voluptatis,
714 1065 791 1138 inde·
810 1075 935 1139 Romani
966 1099 1021 1160 pro
1049 1083 1105 1146 hac
1128 1085 1196 1165 ipsa

68 1177 230 1256 eleganter
254 1175 407 1249 interdum·
425 1177 567 1240 dicebaut
587 1196 707 1258 rosam,
733 1178 821 1240 velut
844 1178 995 1242 lllartialls
1018 1182 1110 1265 Vlll,
1142 1184 1195 1265 77,

67 1279 100 1341 2.
122 1283 154 1340 ia
177 1290 307 1343 aeterno
328 1288 403 1342 roso
426 1284 531 1343 vivere
548 1289 645 1373 ausus
668 1284 718 1343 est
739 1282 840 1345 dicere
864 1301 919 1364 pro
940 1288 978 1345 eo
995 1287 1075 1366 quod
1097 1287 1196 1365 vulgo

67 1384 208 1448 dicebant
228 1383 396 1447 lautissime
418 1383 470 1465 vel
490 1384 519 1444 in
544 1383 679 1444 omnibus
697 1370 820 1466 'semper
842 1384 958 1448 deliciis
980 1385 1101 1448 vivere.
1146 1391 1196 1452 Ao

66 1505 162 1568 saepe
190 1487 241 1547 ubl
269 1487 330 1568 flor
361 1481 519 1556 eto'ivtoc
541 1485 577 1545 in
607 1483 665 1546 bac
687 1502 729 1568 ,re
751 1486 927 1567 simpliciter
949 1489 1076 1567 dicitur,
1105 1510 1195 1554 rosae

66 1590 123 1652 llos'
158 1588 375 1667 intelligendus
411 1583 537 1667 est³¹),
585 1589 738 1676 uocatque
769 1589 846 1651 ldcm
879 1589 1134 1655 Pseudanacreon
1161 1592 1211 1673 u,

64 1691 87 1756 6
109 1711 175 1775 seq.
206 1694 352 1773 φέριστον
381 1685 498 1764 daem,
526 1677 622 1768 Ιἐόιρὸς
650 1689 781 1771 μέλημα.
824 1691 890 1755 Nec
912 1690 1053 1769 dissentit
1075 1694 1113 1756 ab
1136 1693 1193 1757 bac

62 1796 181 1857 ratione
204 1793 319 1855 Plinius
349 1790 444 1872 xxi,
474 1785 612 1871 isso),
642 1789 677 1872 3.
704 1782 773 1854 la:
803 1787 1001 1857 Pumca’aea'mo
1023 1801 1124 1859 nocua·
1137 1818 1194 1879 ge-

64 1916 143 1960 nera
161 1886 449 1980 coronamentorum
469 1883 728 1976 iuter-'bortensio
749 1915 864 1958 novere
892 1919 937 1959 uc
951 1919 1088 1979 poene
1107 1902 1195 1961 eto*
1309 1890 1313 1897 ’

65 2003 126 2063 loe
158 2017 353 2080 rosaeque
381 2003 550 2057 tuntum.
603 1993 679 2055 Nam
707 1996 788 2077 quod
817 1998 947 2060 subiecit
973 1997 1050 2059 idem
1079 1998 1194 2061 Plinius

64 2104 84 2164 l.
104 2121 131 2165 c.
153 2101 187 2186 3.
208 2101 274 2164 lu:
315 2099 397 2161 Usus
417 2101 485 2160 dus
513 2100 547 2159 a'aa
566 2100 687 2161 coronis
702 2119 805 2181 prope
822 2103 979 2163 minumus
1000 2109 1063 2181 est,
1085 2100 1115 2161 id
1135 2102 1193 2162 ml-

63 2209 141 2269 nime
164 2206 209 2267 slc
231 2201 436 2283 accipiendum·
458 2200 599 2277 videtur,
623 2198 712 2281 quasi
733 2200 877 2263 Romanis
899 2203 957 2283 alia
981 2208 1193 2267 coronamenta

63 2307 163 2386 magis
185 2305 364 2387 placuerim,
386 2302 441 2365 sed
462 2301 536 2368 dicit
555 2302 596 2363 ibi
611 2301 725 2363 Plinius
742 2302 834 2367 multo
850 2305 926 2386 -plus
948 2308 1037 2395 etiam
1058 2326 1192 2370 rosarum

63 2409 101 2471 ad
125 2409 200 2470 alias
231 2424 283 2467 res
309 2404 467 2484 adhiberi,
499 2405 618 2486 quando
646 2423 719 2467 rosa
743 2409 775 2469 et
805 2406 893 2487 ,oleo
920 2414 1090 2474 maceretur
1110 2386 1143 2475 et
1162 2411 1192 2473 in

61 2513 219 2589 unguenta
240 2509 379 2571 transeat
401 2509 434 2568 et
459 2507 489 2567 iu
510 2525 677 2569 mensarum
698 2506 790 2571 'etiam
823 2508 941 2571 deliciis
964 2511 1191 2591 perunguendis

38 2615 187 2675 minume
218 2611 313 2677 noxia
342 2608 410 2670 sit‘
460 2607 588 2671 Poterat
614 2609 688 2670 illud
717 2628 834 2691 quoque
864 2610 995 2690 addere,
1027 2614 1125 2694 qood,
1160 2617 1193 2675 ut

61 2734 155 2796 supra
177 2713 308 2775 vidimus
329 2705 410 2790 (not.
435 2706 515 2787 le),
539 2713 629 2773 etin
649 2712 911 2790 rosapotare
934 2715 966 2774 et
987 2731 1191 2794 spargere

61 2830 181 2882 rosas
209 2816 238 2876 iu
261 2811 412 2876 conviviis
441 2813 675 2875 consueverant.
716 2811 824 2892 ltaque
847 2829 934 2892 quum
957 2813 986 2874 iu
1012 2815 1089 2875 omni
1113 2830 1190 2877 con-

62 2919 221 2982 suetudine
249 2913 400 2977 laudons<
416 2912 518 2974 victus
543 2913 661 2991 ingenti
684 2913 774 2992 copia
796 2931 932 2975 rosarum
956 2919 1130 2995 uterentur,
1164 2919 1191 2977 si

59 3041 158 3107 prope
187 3019 322 3080 minimus
350 3034 452 3078 earum
481 3034 554 3077 usus
581 3017 610 3076 iu
631 3007 761 3077 ‘coronis
783 3021 867 3096 erat,
895 3017 973 3078 idem
995 3024 1093 3081 tamen
1114 3021 1190 3081 satis

60 3142 190 3203 magnus
211 3119 397 3200 habebatur,
426 3122 461 3181 ut
484 3118 537 3180 vel
558 3135 624 3179 eam
648 3118 743 3179 solam
767 3117 805 3178 ob
827 3136 964 3181 caussam
993 3118 1188 3184 iis‘colendis

60 3233 92 3292 et
115 3226 245 3308 undique
277 3221 400 3285 Romam
430 3219 655 3301 comportandis
684 3238 797 3282 sunrma
827 3241 899 3284 cura
931 3227 1022 3307 atque
1044 3224 1190 3285 industria

59 3330 269 3393 insumeretur.
297 3319 424 3388 'Notum
446 3326 495 3387 est
516 3324 591 3385 enim
613 3311 807 3403 pracceptum
828 3320 954 3385 Catonis
977 3326 1026 3405 qui
1047 3325 1131 3388 iubet
1152 3325 1190 3386 de

58 3436 96 3498 R.
127 3433 166 3496 ll.
197 3429 236 3511 8,
267 3429 299 3491 2.
325 3435 545 3488 coronamenta
583 3445 675 3485 omae
704 3445 806 3505 genae
829 3425 865 3501 iu
894 3425 987 3485 fundo
1018 3425 1189 3486 suburbano

62 3537 140 3615 scri,
166 3551 224 3614 quo
248 3528 432 3592 fructuosior
457 3527 511 3590 bat
541 3524 677 3598 domino;
703 3542 759 3587 nec
781 3525 839 3586 iam
863 3524 981 3587 dubium
1003 3530 1055 3589 aut
1075 3527 1188 3588 obscu-

61 3719 267 3737 Μ

162 3860 227 3902 nere
245 3842 401 3898 uideantur:
426 3849 455 3896 tu
472 3842 533 3899 vide
551 3845 660 3917 ‘omnino
678 3843 942 3899 lluesiemanai
960 3847 1187 3903 accuratissimam

163 3937 244 4002 atque
277 3929 506 3998 elegantissimam
538 3929 570 3982 de
603 3926 676 3982 Rosa
706 3927 928 3996 disputationem,
959 3943 1028 4000 quae
1060 3932 1132 3983 inest
1161 3937 1188 3984 ln

164 4018 222 4070 eius
240 4014 333 4069 libello
352 4012 581 4084 llnterbaltungen
609 4027 656 4067 aus
681 4012 730 4066 der
748 4014 820 4067 alten
839 4013 909 4068 llelt
933 4014 976 4068 lim
997 4012 1114 4068 Garien—
1136 4015 1188 4068 und

161 4084 514 4167 Blumenlreuadeffiotha
542 4097 622 4167 1854)
645 4114 672 4167 p.
697 4102 836 4163 37-68.,
864 4104 890 4152 et
918 4099 983 4170 quid
1010 4101 1100 4167 signet
1125 4114 1189 4152 rosa

161 4183 226 4238 ibid.
245 4201 270 4254 p.
289 4188 324 4241 64
341 4199 416 4259 seqq.
435 4183 496 4238 coll.
533 4180 719 4236 Dierbacb.
737 4180 821 4235 Flora
839 4181 947 4251 mytlnol.
967 4199 992 4252 p.
1015 4183 1170 4240 rsa—159.

89 4286 138 4354 31)
156 4281 223 4337 Vide
241 4281 386 4361 llodaeu
398 4297 420 4335 m
439 4281 472 4334 ad
492 4276 629 4351 Tbeopbr.
648 4278 681 4333 de
698 4292 772 4334 caue.
790 4279 826 4348 pl.
845 4276 888 4347 vi,
907 4283 932 4337 6.
953 4296 979 4349 p.
999 4282 1057 4338 545,
1078 4286 1103 4334 et
1122 4280 1185 4336 Pa.

162 4366 333 4422 sodalium
351 4366 449 4421 Geron.
470 4364 522 4433 lli,
543 4367 567 4421 5.
587 4382 611 4434 p.
635 4366 691 4420 14⁷.
817 4434 823 4444 μ
