2768 4838
1226 247 1327 312 59-

138 417 217 481 inter
240 417 425 502 interpretes
457 421 639 499 ambigitur..
688 422 772 484 Haec
803 423 901 486 altera
930 429 978 490 est
1012 424 1264 494 commentatoris

139 518 263 603 Gruquii
285 523 461 605 explicatio,
485 540 563 603 quae
587 521 654 584 nribi
678 525 800 587 videtur
818 529 990 608 praestare,
1012 529 1159 613 siquidem
1173 529 1264 595 Circe

136 621 193 683 dea
214 625 328 687 marina
351 626 409 686 diei
431 641 489 686 non
511 627 669 704 potest-
693 627 782 690 sicuti
802 630 853 690 est
874 627 993 709 Thetis,
1017 629 1145 694 Achillis
1164 650 1261 711 „ma-

133 724 182 783 ter
211 724 395 805 caerulea“,
424 726 554 788 inmari
583 724 723 791 babitans
753 730 785 791 et
811 747 829 789 a
858 733 966 793 natura
994 733 1116 810 „vitrei
1144 733 1260 812 ponti“

134 822 188 905 (G.
211 825 264 906 lV,
289 828 319 907 2,
341 826 375 904 3)
399 826 554 908 appellata
582 863 619 873 -
665 830 720 891 sed
745 829 888 909 splendet
915 834 1000 895 certe
1028 830 1270 914 pulchritudine,-

133 932 241 1008 utpote
263 927 427 1011 ἐκγεγαυῖα
449 927 679 1012 φαεσιμβρότου
697 928 836 996 Ἠελίοιο
845 928 883 1012 ¹).
926 932 1014 1014 Quod
1029 935 1056 994 si
1072 950 1176 994 verum
1200 936 1259 1012 est,

131 1030 266 1094 vitrea
288 1050 415 1111 prorsus
436 1030 677 1094 estGraeoorum
693 1029 796 1108 batim
813 1035 884 1096 sine
907 1033 1127 1116 „splendidior
1142 1031 1259 1112 vitrc“,

131 1133 326 1211 „splendens
345 1134 426 1197 vitro
447 1131 581 1213 purius“
603 1131 723 1215 ((1111,
750 1133 839 1221 19,1.
862 1135 887 1216 1,
911 1134 943 1216 9,
966 1135 998 1199 5.
1023 1135 1075 1199 cll.
1097 1132 1190 1196 Ovid.
1215 1133 1257 1196 M.

131 1232 223 1313 Xlll,
246 1233 311 1298 789
332 1253 416 1317 seq.:
461 1233 591 1296 Galatea
613 1269 650 1278 —
687 1235 875 1315 splendidior
897 1237 1004 1317 vitro.)
1048 1238 1101 1300 Sic
1127 1233 1258 1299 Corinna

129 1335 248 1414 poetria
264 1335 342 1398 dixit
363 1333 484 1402 tecvm
506 1339 604 1400 παῖδα
628 1332 696 1420 (l'r.
712 1334 765 1400 36.
786 1337 822 1398 Β.
845 1358 876 1418 p.
897 1336 978 1423 817)
1005 1342 1036 1400 et
1059 1338 1108 1400 alii
1131 1337 1257 1399 coniun-

127 1442 239 1501 xerunt
262 1436 370 1518 ὑαλὲην
400 1437 483 1522 ὄψιν,
505 1434 674 1502 ὖαλόεσσαν
695 1433 839 1519 nuperis,
867 1459 946 1522 quae
972 1441 1079 1502 videas
1102 1458 1153 1519 ap.
1176 1436 1255 1501 lilit-
1333 1478 1335 1485 ,

128 1541 238 1605 scherl.
268 1546 299 1605 et
329 1542 454 1605 Jacobs.
480 1542 510 1601 in
536 1539 628 1603 Antb.
648 1540 699 1604 Gr.
722 1540 792 1604 Vol.
815 1541 855 1604 ll.
877 1544 913 1605 P.
939 1543 1011 1607 111.
1032 1562 1064 1623 p.
1090 1538 1162 1603 lua.

233 1667 265 1707 v.
286 1643 338 1708 al.
381 1645 553 1706 innocentis
570 1641 691 1726 Lesbii]
716 1644 827 1706 Graeci
848 1644 1026 1711 dictitabant
1047 1644 1186 1724 Λέσβιον
1210 1642 1257 1706 οἷ·
1272 1682 1300 1700 .-

128 1744 246 1832 ααὲριαν,
268 1747 464 1825 similiterque
486 1738 630 1825 ἀμύμονα
644 1751 727 1809 Χῖον
748 1741 915 1824 ἄλυπον,
936 1766 1012 1830 quae
1034 1767 1076 1811 ex
1098 1749 1256 1811 veteribus

126 1852 228 1932 poetis
249 1851 367 1930 profert
389 1845 567 1910 Athenaeus
582 1846 611 1928 l,
636 1847 689 1909 92.
715 1849 746 1908 et
769 1845 794 1926 l,
817 1846 867 1913 19.

231 1972 264 2014 v.
288 1949 330 2015 23
352 1970 400 2033 sq.
443 1950 615 2032 confundet
641 1948 806 2028 Thyoneus
827 1947 966 2032 proelia]
997 1943 1104 2010 Geni
1109 1949 1255 2010 undere

127 2055 287 2137 proelia
311 2053 521 2135 praegnentur
542 2051 634 2129 dixit,
664 2055 697 2111 ut
710 2049 820 2113 Graeci
842 2052 982 2115 dicebant
1004 2047 1173 2132 ταράσσειν
1195 2045 1255 2111 πό-

126 2165 237 2239 λεμον,
264 2158 286 2218 1.
310 2173 338 2216 e.
359 2155 516 2218 concitatis
544 2154 641 2215 turbis
665 2168 791 2213 movere
812 2155 934 2217 bellum.
981 2151 1045 2217 cfr.
1069 2151 1255 2214 dividere

126 2263 299 2327 earmina
321 2259 359 2324 0.
380 2258 406 2337 Ι,
431 2257 481 2338 15,
501 2256 561 2337 16,
584 2257 755 2340 quatere
774 2255 1012 2320 Bassareum
1037 2253 1109 2332 (1.1,
1124 2249 1254 2331 18,1a.‚

126 2364 291 2427 vulnera
314 2362 497 2439 dirigere
522 2361 612 2436 Virg.
635 2357 674 2419 A.
697 2355 738 2437 X,
763 2355 836 2420 140.
867 2357 1051 2438 Thyonei
1074 2357 1173 2417 antem
1193 2371 1252 2415 no-

126 2485 193 2529 men
215 2465 353 2530 consulto
376 2482 433 2546 pro
456 2463 577 2527 Baccho
601 2461 721 2542 posuit,
744 2463 778 2521 nt
801 2462 851 2541 qui
873 2479 890 2521 a
915 2463 1012 2523 matre
1031 2455 1154 2521 Semela
1173 2455 1253 2535 apud

124 2586 253 2650 superos
270 2567 381 2647 Tbyo
392 2586 409 2628 n
420 2587 448 2646 a,
469 2568 586 2629 lactea
608 2561 704 2624 verbo
721 2555 812 2624 θύειν
827 2563 954 2641 nomine,
971 2552 1114 2630 Θαωνεὺς
1129 2575 1251 2634 cogno-

124 2673 252 2733 minatns
271 2672 367 2748 esset,
383 2668 464 2750 quod
483 2671 620 2730 veterum
636 2663 814 2725 testimoniis
836 2660 966 2741 prolatis
988 2663 1098 2742 probat
1120 2656 1252 2720 Boeclnb.

123 2774 161 2835 ad
182 2772 268 2834 Pind.
289 2772 326 2832 P.
347 2770 401 2850 lll,
423 2768 477 2833 99.
526 2765 725 2844 Significatur
752 2763 827 2824 enim
858 2762 988 2841 furor,
1022 2764 1052 2822 in
1083 2778 1168 2843 quem
1199 2760 1250 2838 qui

126 2877 197 2937 vino
219 2875 305 2934 nimis
328 2871 490 2950 indulgent
513 2869 615 2930 solent
637 2864 762 2936 coniici3
784 2862 862 2923 unde
884 2863 1084 2941 „immodicas
1109 2862 1194 2923 rixas
1219 2861 1251 2920 et

124 2975 276 3058 proelia“
298 2975 433 3039 miscent.
477 2972 542 3037 (ilr.
564 2970 601 3031 ad
627 2965 710 3046 (1.1,
734 2963 785 3045 18,
808 2963 840 3027 9.

231 3097 263 3138 v.
287 3075 340 3139 95.
384 3077 433 3139 Dc
456 3076 532 3157 Opri
550 3072 667 3135 nomine
692 3088 723 3131 v.
747 3068 826 3129 lixo.
847 3064 886 3127 ll.

227 3202 258 3243 v.
279 3177 333 3244 26.
375 3183 602 3242 incontinentes
624 3167 752 3253 manns]
784 3167 933 3232 Persimili
963 3170 1052 3247 tropo
1073 3165 1125 3227 vel
1148 3165 1249 3247 potius

123 3283 293 3365 hypallage
322 3281 464 3345 adiectivi
494 3300 566 3343 usus
595 3280 645 3340 est
667 3271 830 3354 linripides
860 3272 889 3332 in
917 3269 993 3332 Hec.
1019 3266 1120 3331 11282
1150 3267 1250 3348 μεθὲς

123 3381 288 3468 μ’ἐφεῖιάι
309 3385 378 3471 τῇδε
400 3384 618 3472 μαργῶσαν
641 3379 759 3462 χέρα,
780 3375 809 3436 11.
832 3392 861 3436 e.
882 3373 1035 3453 permitte,
1053 3372 1086 3431 ut
1108 3369 1159 3428 isti
1182 3386 1249 3427 mu-

123 3489 191 3551 lieri
214 3488 357 3548 furiosam
380 3485 458 3546 banc
480 3485 607 3546 iniiuiam
631 3498 757 3542 manum.
802 3467 1067 3550 Tibull.10,53:
1090 3469 1250 3529 douren-

124 3596 186 3656 tes
206 3605 349 3672 manus.
400 3586 476 3646 Hor.
500 3581 591 3664 c.1‚
615 3582 649 3660 3,
679 3568 747 3642 4οἱ
770 3593 870 3657 neque
901 3573 1031 3653 patimur
1059 3567 1252 3630 lracundo

123 3694 230 3757 lovem
251 3707 366 3772 ponere
386 3685 561 3750 fulmina.
606 3684 685 3747 Vide
708 3680 825 3742 omnino
851 3675 929 3738 lixo.
952 3672 1014 3751 lV,
1039 3670 1184 3754 Append.

126 3863 331 3878 ——-···

180 3965 210 4034 1)
229 3962 304 4018 llum.
324 3959 374 4015 0d.
395 3957 429 4022 Χ,
449 3963 508 4016 138.
527 3955 573 4010 ubi
591 3959 618 4009 in
636 3953 753 4008 Sclruliis
772 3948 926 4003 adnotatum
947 3949 1003 4007 est,
1030 3942 1126 3997 Circen
1144 3943 1254 4009 eiusque

230 4047 340 4102 tratrem
358 4045 468 4099 Aeetam
484 4041 587 4098 liberos
605 4039 677 4095 Solis
699 4037 785 4092 dictos
804 4049 862 4091 esse
882 4027 949 4094 „dmi
968 4028 999 4084 τό
1016 4026 1046 4082 ἐν
1062 4025 1154 4080 αὐτοῖς
1171 4019 1255 4088 diod:

231 4129 271 4189 dee
288 4131 336 4185 τοῦ
353 4127 466 4184 κάλλους
476 4127 502 4178 “.
