2768 4838
328 421 454 501 χειμῶνι
476 423 667 500 propiciare
687 416 811 504 μεγάλῳ
830 418 973 501 μάλιι“)·

329 517 432 604 norff)
454 526 513 602 μὲν
531 517 593 603 yo'rp
612 518 722 593 ἄντλος
744 520 912 586 ι’σισιιὲδσσ
934 522 1009 603 ἔχει,

370 631 514 704 λαῖφος
542 625 583 687 δὲ
604 625 681 686 πᾶν
704 622 870 702 tribulor
892 621 961 700 ἤδη

411 730 478 790 καὶ
498 729 656 803 λακίδες
685 723 852 806 μεγάλαι
873 721 958 791 κατ’
980 721 1088 787 niro·

317 866 321 871 ·
329 822 493 912 χόλαισθ)
515 824 699 910 δ’ἄγκιραι.

121 929 246 1009 Insigne
270 928 327 994 boc
349 928 460 991 Alcaei
481 933 594 1010 poetae
614 932 643 990 in
665 948 699 992 rc
722 930 877 991 notissima
899 926 1070 1006 cxernplum
1091 945 1166 988 sanc
1191 930 1252 989 arl-

121 1030 237 1092 modum
260 1032 418 1113 probabile
441 1034 563 1098 videtur
585 1036 779 1096 obuersatum
803 1050 874 1092 esse
895 1030 1023 1091 Horatio
1044 1030 1210 1091 scribenti:

528 1169 573 1181 -
616 1170 657 1180 -
680 1135 796 1196 Nonne
817 1131 924 1210 eides,
945 1142 981 1193 ul

537 1238 668 1301 Nudum
689 1240 819 1319 remigio
840 1237 923 1297 lutus
950 1292 953 1297 .

433 1340 480 1401 Et
499 1344 601 1404 malus
621 1342 716 1403 celeri
735 1343 863 1401 saucius
886 1338 999 1419 Africo

432 1443 663 1524 Antennaeque
681 1449 813 1524 gemant
828 1459 866 1500 ac
885 1442 954 1500 eina
969 1438 1101 1518 senibus

479 1543 538 1604 Vir
558 1545 676 1606 durare
696 1545 825 1604 σασίιιασ

519 1647 644 1707 Possint
661 1646 855 1726 imperiosius

430 1746 584 1828 Aequor?
605 1746 678 1808 Non
698 1747 755 1807 ribi
773 1755 846 1806 curri
866 1749 991 1826 integra
1013 1737 1122 1822 Helen}

123 1848 314 1911 etsiinitium
341 1850 543 1912 tantummodo
564 1850 695 1910 imitatus
720 1850 810 1928 atque
832 1846 891 1907 alio
917 1850 1011 1907 metro
1033 1863 1106 1905 nsus
1131 1848 1192 1918 est,
1216 1851 1253 1905 et

122 1951 158 2011 acl
186 1952 281 2030 ipsam
306 1968 415 2011 navem
436 1957 575 2032 tanquam
598 1953 636 2013 ad
656 1949 869 2032 rempublicam
884 1948 1091 2009 Romanam
1114 1963 1253 2007 convcr-

29 2046 39 2057 '
122 2055 160 2116 lit
181 2054 358 2116 orationem.
381 2052 457 2115 Nam
480 2073 565 2136 quam
589 2054 685 2116 libera
701 2051 874 2116 Archilochi
894 2051 1059 2132 Alcaeique
1083 2048 1252 2109 imitatione

123 2157 151 2214 in
173 2156 305 2230 singulis
326 2154 419 2216 rebus
448 2174 484 2216 ac
513 2155 619 2217 verbis
647 2175 720 2216 urus
751 2157 807 2234 sit,
840 2138 906 2233 ipse
937 2153 1081 2216 imlicavit
1103 2152 1203 2233 llpist.
1225 2151 1253 2228 l,

124 2253 176 2331 19,
197 2255 256 2316 bie
287 2255 366 2316 Non
388 2255 518 2318 aliena
540 2274 620 2318 meo
645 2256 779 2335 pressi
801 2256 913 2334 pede.
965 2256 1028 2318 Sed
1052 2255 1129 2314 ilem
1153 2253 1254 2314 timuit

124 2363 222 2416 tamen
243 2360 385 2435 „mutare
410 2359 549 2419 carminis
572 2357 708 2419 artcm“.
732 2355 833 2440 Quare
857 2375 924 2417 cnm
938 2356 1045 2419 Alcaei
1067 2359 1151 2419 certe
1176 2375 1252 2416 car-

122 2474 189 2517 men
213 2456 383 2535 allegorice
404 2457 661 2540 interpretandum
683 2460 735 2538 sit,
760 2462 842 2529 ¹leste
863 2454 1025 2521 Heraclide
1037 2457 1085 2540 ‘Jr
1108 2459 1163 2518 vix
1190 2477 1252 2538 po-

124 2561 187 2620 test
209 2558 348 2636 dubitari,
371 2559 440 2641 quin
463 2560 610 2625 Horatlus
633 2580 761 2644 quoque,
784 2561 815 2622 id
840 2561 920 2642 qnod
942 2562 1075 2623 nonnulli
1090 2560 1252 2640 iuterpre-

124 2657 212 2741 lcs⁵l
234 2679 393 2741 perperam
420 2669 635 2745 negaverunt,
671 2663 748 2726 banc
775 2666 871 2742 ipsam
900 2665 1038 2731 carminis
1069 2663 1251 2740 allegoriam

124 2762 256 2825 voluerit
277 2765 392 2825 imitari.
447 2767 602 2845 Agnoscit
631 2767 809 2845 allegoriam
840 2767 896 2826 iam
920 2760 1163 2846 Quintiliani
1191 2787 1252 2827 an-

124 2866 250 2927 ctoritas
274 2863 468 2950 vi11‚6,§.
493 2868 559 2947 44,
581 2889 617 2932 ac
640 2870 740 2931 rlcmta
763 2887 799 2929 ea
820 2871 914 2929 toturn
939 2885 1013 2927 sane
1036 2884 1155 2927 carmen
1178 2887 1252 2930 ner·

125 2968 173 3027 ris
196 2971 228 3029 et
257 2969 426 3045 argumenti
457 2970 592 3049 pondere
624 2975 755 3032 careret.
811 2969 849 3029 nt
877 2985 955 3031 vero
981 2969 1190 3051 antiquissima
1216 2993 1254 3036 ac

129 3184 333 3196 -a--u--n-n

176 3334 206 3403 1)
224 3332 269 3387 Sic
288 3333 468 3400 Cocondrias3
487 3335 641 3392 Heraclides
662 3337 759 3398 καλσὶσ,
776 3339 846 3393 unde
865 3338 1013 3403 Schouius,
1034 3339 1166 3407 probante
1182 3339 1251 3393 ller-

228 3433 325 3472 manno
343 3418 382 3473 m.
391 3419 422 3472 b.
432 3419 468 3474 M.
487 3438 513 3490 p.
534 3429 594 3487 1⁴88,
617 3426 737 3493 reposuit
760 3423 852 3477 κάλων
882 3428 900 3477 i.
919 3441 942 3479 c.
962 3426 1070 3487 lunium,
1092 3424 1134 3476 cll.
1147 3423 1254 3481 Horatii

224 3504 329 3558 verbis:
349 3505 637 3585 „Antemnaque
659 3514 792 3578 gemant
814 3523 852 3561 ac
878 3513 955 3563 sine
977 3509 1157 3564 lunibns.·‘
1238 3508 1241 3513 ’

175 3607 206 3672 9)
224 3602 313 3658 llcrm.
331 3603 383 3671 πὲρ
406 3606 423 3663 i.
441 3618 464 3658 e.
482 3609 559 3673 arpi:
584 3610 606 3661 si
627 3605 685 3673 noio
702 3586 808 3670 verum,
835 3606 992 3661 adverbium
1012 3612 1061 3661 cst.
1097 3605 1165 3673 Scir
1172 3625 1211 3662 ne
1224 3613 1254 3662 i-

227 3686 348 3740 durmin.

172 3789 205 3849 3)
224 3783 321 3837 Forma
339 3785 450 3839 Aeolica
467 3803 492 3856 p.
510 3786 618 3854 palaico
723 3835 730 3848 ,

175 3883 206 3952 4)
224 3882 328 3938 Heracl.
347 3883 423 3936 Pont.
442 3884 458 3937 l.
477 3885 494 3939 l.
525 3883 579 3941 Τσῖι
605 3884 768 3953 τυραννικοῖς
787 3884 908 3946 ἐξουσίαι
934 3893 1058 3957 χειμερίῳ
1082 3889 1256 3957 προσεικάζει

227 3969 419 4036 καταστήματι
442 3965 592 4032 θαλάσσης.
628 3970 809 4036 Μυρσίλος
831 3970 883 4039 γαρ
909 3970 923 4025 ὁ
948 3969 1173 4042 δηλσὺμινιὶσ
1195 3973 1255 4029 ἐστι

226 4051 273 4104 καὶ
292 4051 438 4121 τυραννική
458 4050 530 4104 norro?
546 4050 743 4118 Μυτιληναίων
759 4051 916 4123 ἑγσιιισαέση
933 4053 1069 4112 σύστασις.

177 4151 209 4217 5)
230 4148 260 4203 ln
280 4153 382 4220 iisque,
406 4156 434 4202 ut
450 4147 571 4224 violetur,
589 4147 775 4204 Lachmamms
794 4157 819 4206 in
839 4151 975 4222 Epistol
994 4154 1139 4209 Frankium
1156 4163 1255 4224 p237.

226 4234 348 4289 scribens
370 4232 441 4286 illam
464 4248 557 4286 navem
578 4233 630 4287 sibi
651 4251 704 4288 non
722 4235 866 4292 itomanam
882 4238 985 4304 videri,
1008 4240 1056 4295 sed
1072 4242 1164 4295 Alcaei
1186 4249 1255 4311 poc-

227 4325 283 4373 tee:
305 4336 381 4388 quern
402 4325 506 4373 constet
525 4321 654 4376 cecinisse
673 4322 765 4387 „dura
785 4324 962 4392 lagoenam,
985 4326 1054 4379 rlura
1072 4328 1184 4380 navia‘·
