<?xml version="1.0" encoding="UTF-8"?>
<!DOCTYPE html PUBLIC "-//W3C//DTD XHTML 1.0 Transitional//EN"
    "http://www.w3.org/TR/xhtml1/DTD/xhtml1-transitional.dtd">
<html xmlns="http://www.w3.org/1999/xhtml" xml:lang="en" lang="en">
 <head>
  <title>
</title>
<meta http-equiv="Content-Type" content="text/html;charset=utf-8" />
  <meta name='ocr-system' content='tesseract 3.04.00' />
  <meta name='ocr-capabilities' content='ocr_page ocr_carea ocr_par ocr_line ocrx_word'/>
</head>
<body>
  <div class='ocr_page' id='page_1' title='image "./qhoratiiflaccic00garcgoog_0100.png"; bbox 0 0 2768 4838; ppageno 0'>
   <div class='ocr_carea' id='block_1_1' title="bbox 1129 272 1198 373">
    <p class='ocr_par' dir='ltr' id='par_1_1' title="bbox 1129 272 1198 373">
     <span class='ocr_line' id='line_1_1' title="bbox 1129 272 1198 373; baseline 0.029 -37"><span class='ocrx_word' id='word_1_1' title='bbox 1129 272 1198 373; x_wconf 85' lang='lat' dir='ltr'><strong>ca</strong></span> 
     </span>
    </p>
   </div>
   <div class='ocr_carea' id='block_1_2' title="bbox 10 449 1196 1251">
    <p class='ocr_par' dir='ltr' id='par_1_2' title="bbox 10 449 1196 1251">
     <span class='ocr_line' id='line_1_2' title="bbox 71 449 1195 543; baseline 0.005 -29"><span class='ocrx_word' id='word_1_2' title='bbox 71 452 129 532; x_wconf 89' lang='grc'><strong>17,</strong></span> <span class='ocrx_word' id='word_1_3' title='bbox 163 449 234 535; x_wconf 72' lang='lat'><strong>23).</strong></span> <span class='ocrx_word' id='word_1_4' title='bbox 286 454 360 516; x_wconf 87' lang='lat' dir='ltr'><strong>Nam</strong></span> <span class='ocrx_word' id='word_1_5' title='bbox 398 455 799 543; x_wconf 26' lang='lat' dir='ltr'><strong>qnatere&#39;tbyrsum,</strong></span> <span class='ocrx_word' id='word_1_6' title='bbox 843 457 887 520; x_wconf 88' lang='lat' dir='ltr'><strong>sic</strong></span> <span class='ocrx_word' id='word_1_7' title='bbox 920 459 1044 538; x_wconf 85' lang='lat' dir='ltr'><strong>proprie</strong></span> <span class='ocrx_word' id='word_1_8' title='bbox 1074 458 1195 538; x_wconf 89' lang='lat' dir='ltr'><strong>dicium,</strong></span> 
     </span>
     <span class='ocr_line' id='line_1_3' title="bbox 68 552 1196 640; baseline 0.007 -24"><span class='ocrx_word' id='word_1_9' title='bbox 68 554 187 616; x_wconf 83' lang='lat' dir='ltr'><strong>Graece</strong></span> <span class='ocrx_word' id='word_1_10' title='bbox 214 557 262 617; x_wconf 82' lang='lat' dir='ltr'><strong>est</strong></span> <span class='ocrx_word' id='word_1_11' title='bbox 292 552 415 638; x_wconf 73' lang='grc' dir='ltr'><strong><em>θύρσον</em></strong></span> <span class='ocrx_word' id='word_1_12' title='bbox 437 552 670 636; x_wconf 59' lang='lat' dir='ltr'><strong>dracas-dacter,</strong></span> <span class='ocrx_word' id='word_1_13' title='bbox 698 553 813 640; x_wconf 72' lang='grc' dir='ltr'><em>θύρσῳ</em></span> <span class='ocrx_word' id='word_1_14' title='bbox 837 569 957 636; x_wconf 81' lang='grc' dir='ltr'><em>κροτεῖν</em></span> <span class='ocrx_word' id='word_1_15' title='bbox 981 565 1048 640; x_wconf 76' lang='grc' dir='ltr'><strong><em>γῆν,</em></strong></span> <span class='ocrx_word' id='word_1_16' title='bbox 1070 571 1196 626; x_wconf 80' lang='grc' dir='ltr'><em>κτυπεῖν</em></span> 
     </span>
     <span class='ocr_line' id='line_1_4' title="bbox 67 648 1195 738; baseline 0.01 -22"><span class='ocrx_word' id='word_1_17' title='bbox 67 648 200 736; x_wconf 71' lang='grc' dir='ltr'><strong><em>θύρσον,</em></strong></span> <span class='ocrx_word' id='word_1_18' title='bbox 224 657 325 738; x_wconf 87' lang='lat' dir='ltr'><strong>llurip.</strong></span> <span class='ocrx_word' id='word_1_19' title='bbox 350 656 540 722; x_wconf 85' lang='lat' dir='ltr'><strong>Baccb.80.</strong></span> <span class='ocrx_word' id='word_1_20' title='bbox 565 655 635 721; x_wconf 88' lang='lat'><em>188.</em></span> <span class='ocrx_word' id='word_1_21' title='bbox 668 656 741 721; x_wconf 74' lang='lat'><strong>240.</strong></span> <span class='ocrx_word' id='word_1_22' title='bbox 770 694 810 703; x_wconf 89' lang='lat'>—</span> <span class='ocrx_word' id='word_1_23' title='bbox 852 658 935 721; x_wconf 88' lang='lat' dir='ltr'><strong>Non</strong></span> <span class='ocrx_word' id='word_1_24' title='bbox 969 661 1134 725; x_wconf 83' lang='lat' dir='ltr'><strong>invitum</strong></span> <span class='ocrx_word' id='word_1_25' title='bbox 1163 665 1195 727; x_wconf 85' lang='lat' dir='ltr'><strong>tc</strong></span> 
     </span>
     <span class='ocr_line' id='line_1_5' title="bbox 10 755 1196 847; baseline 0.011 -31"><span class='ocrx_word' id='word_1_26' title='bbox 10 785 13 790; x_wconf 96' lang='lat'>·</span> <span class='ocrx_word' id='word_1_27' title='bbox 68 758 198 838; x_wconf 82' lang='lat' dir='ltr'><strong>quatiam</strong></span> <span class='ocrx_word' id='word_1_28' title='bbox 222 783 256 808; x_wconf 90' lang='lat'><em>=</em></span> <span class='ocrx_word' id='word_1_29' title='bbox 279 755 335 821; x_wconf 73' lang='lat' dir='ltr'><strong>oria</strong></span> <span class='ocrx_word' id='word_1_30' title='bbox 352 756 494 835; x_wconf 74' lang='grc' dir='ltr'><strong><em>ἄκοντος,</em></strong></span> <span class='ocrx_word' id='word_1_31' title='bbox 517 756 554 823; x_wconf 71' lang='grc' dir='ltr'><strong>οὔ</strong></span> <span class='ocrx_word' id='word_1_32' title='bbox 576 755 677 841; x_wconf 72' lang='grc' dir='ltr'><em>πρὸς</em></span> <span class='ocrx_word' id='word_1_33' title='bbox 698 763 793 838; x_wconf 75' lang='grc' dir='ltr'><strong><em>βίον</em></strong></span> <span class='ocrx_word' id='word_1_34' title='bbox 814 782 883 840; x_wconf 83' lang='grc' dir='ltr'><strong><em>σου,</em></strong></span> <span class='ocrx_word' id='word_1_35' title='bbox 905 757 1095 846; x_wconf 67' lang='lat' dir='ltr'><strong>„riootiqrori</strong></span> <span class='ocrx_word' id='word_1_36' title='bbox 1114 772 1196 847; x_wconf 76' lang='grc' dir='ltr'><strong><em>βασ-</em></strong></span> 
     </span>
     <span class='ocr_line' id='line_1_6' title="bbox 66 855 1193 949; baseline 0.009 -29"><span class='ocrx_word' id='word_1_37' title='bbox 66 855 221 941; x_wconf 72' lang='grc' dir='ltr'><strong>σοριῐσωα</strong></span> <span class='ocrx_word' id='word_1_38' title='bbox 248 858 331 941; x_wconf 89' lang='lat' dir='ltr'><strong>(vid.</strong></span> <span class='ocrx_word' id='word_1_39' title='bbox 352 861 392 924; x_wconf 91' lang='lat' dir='ltr'><strong>ad</strong></span> <span class='ocrx_word' id='word_1_40' title='bbox 415 860 450 925; x_wconf 85' lang='grc'><strong>0.</strong></span> <span class='ocrx_word' id='word_1_41' title='bbox 471 861 501 940; x_wconf 92' lang='grc' dir='ltr'><strong>Ι,</strong></span> <span class='ocrx_word' id='word_1_42' title='bbox 525 860 584 940; x_wconf 79' lang='lat'><strong>37,</strong></span> <span class='ocrx_word' id='word_1_43' title='bbox 610 862 626 924; x_wconf 95' lang='lat'>1</span> <span class='ocrx_word' id='word_1_44' title='bbox 652 865 684 923; x_wconf 91' lang='lat' dir='ltr'><strong>et</strong></span> <span class='ocrx_word' id='word_1_45' title='bbox 703 861 818 924; x_wconf 85' lang='lat' dir='ltr'><strong>Anacr.</strong></span> <span class='ocrx_word' id='word_1_46' title='bbox 840 863 876 923; x_wconf 92' lang='lat' dir='ltr'><strong>ir.</strong></span> <span class='ocrx_word' id='word_1_47' title='bbox 898 860 950 941; x_wconf 88' lang='grc'><strong>40,</strong></span> <span class='ocrx_word' id='word_1_48' title='bbox 967 863 988 925; x_wconf 83' lang='grc'>5</span> <span class='ocrx_word' id='word_1_49' title='bbox 1006 883 1054 947; x_wconf 88' lang='lat' dir='ltr'><strong>sq.</strong></span> <span class='ocrx_word' id='word_1_50' title='bbox 1071 857 1193 949; x_wconf 77' lang='lat' dir='ltr'><strong>Sedu).</strong></span> 
     </span>
     <span class='ocr_line' id='line_1_7' title="bbox 67 961 1194 1045; baseline 0.012 -24"><span class='ocrx_word' id='word_1_51' title='bbox 67 994 107 1004; x_wconf 93' lang='lat'>—</span> <span class='ocrx_word' id='word_1_52' title='bbox 125 961 173 1022; x_wconf 90' lang='lat' dir='ltr'><strong>De</strong></span> <span class='ocrx_word' id='word_1_53' title='bbox 201 962 294 1023; x_wconf 89' lang='lat' dir='ltr'><strong>rebus</strong></span> <span class='ocrx_word' id='word_1_54' title='bbox 316 966 416 1025; x_wconf 89' lang='lat' dir='ltr'><strong>autem</strong></span> <span class='ocrx_word' id='word_1_55' title='bbox 440 981 518 1044; x_wconf 90' lang='lat' dir='ltr'><strong>quae</strong></span> <span class='ocrx_word' id='word_1_56' title='bbox 547 963 594 1026; x_wconf 91' lang='lat' dir='ltr'><strong>bis</strong></span> <span class='ocrx_word' id='word_1_57' title='bbox 618 964 759 1027; x_wconf 83' lang='lat' dir='ltr'><strong>uersibus</strong></span> <span class='ocrx_word' id='word_1_58' title='bbox 781 963 961 1026; x_wconf 87' lang='lat' dir='ltr'><strong>didicillimis</strong></span> <span class='ocrx_word' id='word_1_59' title='bbox 986 967 1194 1045; x_wconf 77' lang='lat' dir='ltr'><strong>significantur</strong></span> 
     </span>
     <span class='ocr_line' id='line_1_8' title="bbox 66 1062 1193 1148; baseline 0.01 -24"><span class='ocrx_word' id='word_1_60' title='bbox 66 1067 98 1124; x_wconf 89' lang='lat' dir='ltr'><strong>ct</strong></span> <span class='ocrx_word' id='word_1_61' title='bbox 130 1062 168 1124; x_wconf 92' lang='lat' dir='ltr'><strong>de</strong></span> <span class='ocrx_word' id='word_1_62' title='bbox 193 1067 270 1125; x_wconf 85' lang='lat' dir='ltr'><strong>onrni</strong></span> <span class='ocrx_word' id='word_1_63' title='bbox 292 1066 420 1126; x_wconf 81' lang='lat' dir='ltr'><strong>extremi</strong></span> <span class='ocrx_word' id='word_1_64' title='bbox 443 1068 582 1128; x_wconf 74' lang='lat' dir='ltr'><strong>carminis</strong></span> <span class='ocrx_word' id='word_1_65' title='bbox 602 1068 720 1128; x_wconf 91' lang='lat' dir='ltr'><strong>ratione</strong></span> <span class='ocrx_word' id='word_1_66' title='bbox 742 1067 879 1148; x_wconf 90' lang='lat' dir='ltr'><strong>pluribus</strong></span> <span class='ocrx_word' id='word_1_67' title='bbox 904 1068 1005 1130; x_wconf 83' lang='lat' dir='ltr'><strong>dicere</strong></span> <span class='ocrx_word' id='word_1_68' title='bbox 1025 1087 1043 1129; x_wconf 87' lang='lat' dir='ltr'><strong>a</strong></span> <span class='ocrx_word' id='word_1_69' title='bbox 1066 1073 1193 1136; x_wconf 91' lang='lat' dir='ltr'><strong>consilio</strong></span> 
     </span>
     <span class='ocr_line' id='line_1_9' title="bbox 16 1164 1195 1251; baseline 0.007 -21"><span class='ocrx_word' id='word_1_70' title='bbox 16 1227 17 1230; x_wconf 74' lang='grc'>,</span> <span class='ocrx_word' id='word_1_71' title='bbox 66 1182 132 1225; x_wconf 83' lang='grc' dir='ltr'><strong>οιοο</strong></span> <span class='ocrx_word' id='word_1_72' title='bbox 156 1164 282 1226; x_wconf 91' lang='lat' dir='ltr'><strong>alienum</strong></span> <span class='ocrx_word' id='word_1_73' title='bbox 303 1171 363 1230; x_wconf 87' lang='lat' dir='ltr'><strong>est.</strong></span> <span class='ocrx_word' id='word_1_74' title='bbox 409 1168 504 1239; x_wconf 62' lang='lat' dir='ltr'><strong>Satis,</strong></span> <span class='ocrx_word' id='word_1_75' title='bbox 517 1174 567 1232; x_wconf 89' lang='lat' dir='ltr'><strong>est</strong></span> <span class='ocrx_word' id='word_1_76' title='bbox 589 1171 743 1233; x_wconf 82' lang='lat' dir='ltr'><strong>addidisse</strong></span> <span class='ocrx_word' id='word_1_77' title='bbox 765 1170 860 1231; x_wconf 86' lang='lat' dir='ltr'><strong>verba</strong></span> <span class='ocrx_word' id='word_1_78' title='bbox 882 1173 1037 1251; x_wconf 87' lang='lat' dir='ltr'><strong>pertinere</strong></span> <span class='ocrx_word' id='word_1_79' title='bbox 1052 1171 1091 1231; x_wconf 91' lang='lat' dir='ltr'><strong>ad</strong></span> <span class='ocrx_word' id='word_1_80' title='bbox 1106 1193 1195 1237; x_wconf 86' lang='lat' dir='ltr'><strong>sacra</strong></span> 
     </span>
    </p>
   </div>
   <div class='ocr_carea' id='block_1_3' title="bbox 66 1264 1196 1458">
    <p class='ocr_par' dir='ltr' id='par_1_3' title="bbox 66 1264 1196 1458">
     <span class='ocr_line' id='line_1_10' title="bbox 66 1264 1196 1352; baseline 0.014 -26"><span class='ocrx_word' id='word_1_81' title='bbox 66 1264 178 1327; x_wconf 90' lang='lat' dir='ltr'><strong>Baccbi</strong></span> <span class='ocrx_word' id='word_1_82' title='bbox 200 1267 430 1349; x_wconf 81' lang='lat' dir='ltr'><strong>trieterica,</strong></span> <span class='ocrx_word' id='word_1_83' title='bbox 465 1272 573 1352; x_wconf 90' lang='lat' dir='ltr'><strong>quibus</strong></span> <span class='ocrx_word' id='word_1_84' title='bbox 595 1291 653 1334; x_wconf 94' lang='lat' dir='ltr'><strong>non</strong></span> <span class='ocrx_word' id='word_1_85' title='bbox 677 1273 821 1336; x_wconf 91' lang='lat' dir='ltr'><strong>initiatum</strong></span> <span class='ocrx_word' id='word_1_86' title='bbox 845 1274 996 1335; x_wconf 84' lang='lat' dir='ltr'><strong>interesse</strong></span> <span class='ocrx_word' id='word_1_87' title='bbox 1019 1277 1105 1337; x_wconf 83' lang='lat' dir='ltr'><strong>ncias</strong></span> <span class='ocrx_word' id='word_1_88' title='bbox 1128 1284 1196 1343; x_wconf 89' lang='lat' dir='ltr'><strong>erat</strong></span> 
     </span>
     <span class='ocr_line' id='line_1_11' title="bbox 66 1364 1194 1458; baseline 0.012 -29"><span class='ocrx_word' id='word_1_89' title='bbox 66 1364 175 1448; x_wconf 82' lang='lat' dir='ltr'><strong>(Ouid.</strong></span> <span class='ocrx_word' id='word_1_90' title='bbox 196 1368 240 1428; x_wconf 80' lang='grc' dir='ltr'>ΙΙΙ.</span> <span class='ocrx_word' id='word_1_91' title='bbox 255 1369 309 1451; x_wconf 92' lang='grc' dir='ltr'>ΙΙΙ,</span> <span class='ocrx_word' id='word_1_92' title='bbox 332 1370 398 1433; x_wconf 83' lang='grc'><strong>510</strong></span> <span class='ocrx_word' id='word_1_93' title='bbox 413 1391 473 1453; x_wconf 92' lang='lat' dir='ltr'><strong>sq.,</strong></span> <span class='ocrx_word' id='word_1_94' title='bbox 498 1371 551 1453; x_wconf 89' lang='lat' dir='ltr'><strong>Vl,</strong></span> <span class='ocrx_word' id='word_1_95' title='bbox 572 1370 637 1435; x_wconf 82' lang='lat'><strong>587</strong></span> <span class='ocrx_word' id='word_1_96' title='bbox 656 1370 737 1455; x_wconf 76' lang='lat' dir='ltr'><strong>sq),</strong></span> <span class='ocrx_word' id='word_1_97' title='bbox 761 1373 799 1433; x_wconf 88' lang='lat' dir='ltr'><strong>ad</strong></span> <span class='ocrx_word' id='word_1_98' title='bbox 824 1393 906 1435; x_wconf 89' lang='lat' dir='ltr'><strong>usum</strong></span> <span class='ocrx_word' id='word_1_99' title='bbox 922 1377 1062 1438; x_wconf 82' lang='lat' dir='ltr'><strong>cistarum</strong></span> <span class='ocrx_word' id='word_1_100' title='bbox 1084 1383 1194 1458; x_wconf 85' lang='lat' dir='ltr'><strong>onysti-</strong></span> 
     </span>
    </p>
   </div>
   <div class='ocr_carea' id='block_1_4' title="bbox 66 1471 1320 1561">
    <p class='ocr_par' dir='ltr' id='par_1_4' title="bbox 66 1471 1320 1561">
     <span class='ocr_line' id='line_1_12' title="bbox 66 1471 1320 1561; baseline 0.01 -29"><span class='ocrx_word' id='word_1_101' title='bbox 66 1488 179 1547; x_wconf 84' lang='lat' dir='ltr'><strong>carum,</strong></span> <span class='ocrx_word' id='word_1_102' title='bbox 202 1471 310 1552; x_wconf 88' lang='lat' dir='ltr'><strong>quibus</strong></span> <span class='ocrx_word' id='word_1_103' title='bbox 334 1473 561 1535; x_wconf 85' lang='lat' dir='ltr'><strong>instrumentum</strong></span> <span class='ocrx_word' id='word_1_104' title='bbox 583 1493 702 1536; x_wconf 91' lang='lat' dir='ltr'><strong>sacrum</strong></span> <span class='ocrx_word' id='word_1_105' title='bbox 729 1473 951 1537; x_wconf 87' lang='lat' dir='ltr'><strong>recondebatur</strong></span> <span class='ocrx_word' id='word_1_106' title='bbox 974 1512 1015 1520; x_wconf 94' lang='lat'><em>-</em></span> <span class='ocrx_word' id='word_1_107' title='bbox 1043 1478 1072 1537; x_wconf 92' lang='lat' dir='ltr'><strong>in</strong></span> <span class='ocrx_word' id='word_1_108' title='bbox 1097 1480 1194 1561; x_wconf 90' lang='lat' dir='ltr'><strong>iisque</strong></span> <span class='ocrx_word' id='word_1_109' title='bbox 1316 1517 1320 1532; x_wconf 66' lang='grc' dir='ltr'><strong><em>ι</em></strong></span> 
     </span>
    </p>
   </div>
   <div class='ocr_carea' id='block_1_5' title="bbox 64 1573 1195 2068">
    <p class='ocr_par' dir='ltr' id='par_1_5' title="bbox 64 1573 1195 2068">
     <span class='ocr_line' id='line_1_13' title="bbox 65 1573 1195 1662; baseline 0.013 -30"><span class='ocrx_word' id='word_1_110' title='bbox 65 1573 183 1633; x_wconf 90' lang='lat' dir='ltr'><strong>inerant</strong></span> <span class='ocrx_word' id='word_1_111' title='bbox 205 1574 283 1635; x_wconf 89' lang='lat' dir='ltr'><strong>inter</strong></span> <span class='ocrx_word' id='word_1_112' title='bbox 308 1575 367 1636; x_wconf 90' lang='lat' dir='ltr'><strong>alia</strong></span> <span class='ocrx_word' id='word_1_113' title='bbox 396 1577 491 1637; x_wconf 89' lang='lat' dir='ltr'><strong>variis</strong></span> <span class='ocrx_word' id='word_1_114' title='bbox 518 1575 674 1638; x_wconf 80' lang='lat' dir='ltr'><strong>incudibus</strong></span> <span class='ocrx_word' id='word_1_115' title='bbox 704 1577 840 1638; x_wconf 87' lang='lat' dir='ltr'><strong>involuta</strong></span> <span class='ocrx_word' id='word_1_116' title='bbox 863 1573 1002 1657; x_wconf 73' lang='grc' dir='ltr'><strong><em>δράκων,</em></strong></span> <span class='ocrx_word' id='word_1_117' title='bbox 1031 1574 1114 1662; x_wconf 70' lang='grc' dir='ltr'><strong><em>ῥοιαὶ</em></strong></span> <span class='ocrx_word' id='word_1_118' title='bbox 1142 1588 1195 1647; x_wconf 82' lang='grc' dir='ltr'><strong>καὶ</strong></span> 
     </span>
     <span class='ocr_line' id='line_1_14' title="bbox 64 1671 1194 1768; baseline 0.012 -34"><span class='ocrx_word' id='word_1_119' title='bbox 64 1671 216 1755; x_wconf 68' lang='grc' dir='ltr'><strong><em>μήκωνες,</em></strong></span> <span class='ocrx_word' id='word_1_120' title='bbox 237 1677 368 1758; x_wconf 87' lang='lat' dir='ltr'><strong>itemque</strong></span> <span class='ocrx_word' id='word_1_121' title='bbox 391 1673 506 1756; x_wconf 76' lang='grc' dir='ltr'><strong><em>φάλλος</em></strong></span> <span class='ocrx_word' id='word_1_122' title='bbox 528 1677 651 1738; x_wconf 85' lang='lat' dir='ltr'><strong>velatus</strong></span> <span class='ocrx_word' id='word_1_123' title='bbox 674 1712 709 1720; x_wconf 88' lang='lat'>-</span> <span class='ocrx_word' id='word_1_124' title='bbox 737 1678 775 1738; x_wconf 93' lang='lat' dir='ltr'><strong>ad</strong></span> <span class='ocrx_word' id='word_1_125' title='bbox 797 1679 926 1740; x_wconf 82' lang='lat' dir='ltr'><strong>furorem</strong></span> <span class='ocrx_word' id='word_1_126' title='bbox 948 1680 1122 1764; x_wconf 86' lang='lat' dir='ltr'><strong>fanaticum,</strong></span> <span class='ocrx_word' id='word_1_127' title='bbox 1144 1689 1194 1768; x_wconf 92' lang='lat' dir='ltr'><strong>qui</strong></span> 
     </span>
     <span class='ocr_line' id='line_1_15' title="bbox 66 1768 1195 1863; baseline 0.009 -22"><span class='ocrx_word' id='word_1_128' title='bbox 66 1775 221 1858; x_wconf 83' lang='lat' dir='ltr'><strong>Cybeles,</strong></span> <span class='ocrx_word' id='word_1_129' title='bbox 253 1775 365 1839; x_wconf 86' lang='lat' dir='ltr'><strong>Bacchi</strong></span> <span class='ocrx_word' id='word_1_130' title='bbox 392 1777 580 1859; x_wconf 90' lang='lat' dir='ltr'><strong>aliorumque</strong></span> <span class='ocrx_word' id='word_1_131' title='bbox 608 1778 731 1863; x_wconf 84' lang='lat' dir='ltr'><strong>deorum</strong></span> <span class='ocrx_word' id='word_1_132' title='bbox 756 1774 923 1841; x_wconf 87' lang='lat' dir='ltr'><strong>numinibus</strong></span> <span class='ocrx_word' id='word_1_133' title='bbox 951 1768 988 1843; x_wconf 56' lang='lat' dir='ltr'><strong>et&gt;</strong></span> <span class='ocrx_word' id='word_1_134' title='bbox 1004 1787 1132 1847; x_wconf 88' lang='lat' dir='ltr'><strong>excitari</strong></span> <span class='ocrx_word' id='word_1_135' title='bbox 1162 1793 1195 1851; x_wconf 89' lang='lat' dir='ltr'><strong>et</strong></span> 
     </span>
     <span class='ocr_line' id='line_1_16' title="bbox 65 1877 1192 1964; baseline 0.01 -24"><span class='ocrx_word' id='word_1_136' title='bbox 65 1881 168 1942; x_wconf 89' lang='lat' dir='ltr'><strong>sedari</strong></span> <span class='ocrx_word' id='word_1_137' title='bbox 187 1880 287 1960; x_wconf 72' lang='lat' dir='ltr'><strong>(bioca</strong></span> <span class='ocrx_word' id='word_1_138' title='bbox 314 1898 437 1943; x_wconf 84' lang='lat' dir='ltr'><strong>saeva</strong></span> <span class='ocrx_word' id='word_1_139' title='bbox 462 1884 555 1943; x_wconf 88' lang='lat' dir='ltr'><strong>tene</strong></span> <span class='ocrx_word' id='word_1_140' title='bbox 578 1877 655 1960; x_wconf 76' lang='lat' dir='ltr'><strong>cet.)</strong></span> <span class='ocrx_word' id='word_1_141' title='bbox 678 1880 877 1955; x_wconf 66' lang='lat' dir='ltr'><strong>credebat-um</strong></span> <span class='ocrx_word' id='word_1_142' title='bbox 902 1883 939 1943; x_wconf 91' lang='lat' dir='ltr'><strong>do</strong></span> <span class='ocrx_word' id='word_1_143' title='bbox 964 1885 1072 1964; x_wconf 91' lang='lat' dir='ltr'><strong>quibus</strong></span> <span class='ocrx_word' id='word_1_144' title='bbox 1096 1892 1192 1951; x_wconf 80' lang='lat' dir='ltr'><strong>orrrni-</strong></span> 
     </span>
     <span class='ocr_line' id='line_1_17' title="bbox 65 1981 1194 2068; baseline 0.01 -27"><span class='ocrx_word' id='word_1_145' title='bbox 65 1982 124 2042; x_wconf 93' lang='lat' dir='ltr'><strong>bus</strong></span> <span class='ocrx_word' id='word_1_146' title='bbox 146 1981 276 2043; x_wconf 90' lang='lat' dir='ltr'><strong>adeundi</strong></span> <span class='ocrx_word' id='word_1_147' title='bbox 299 1985 370 2058; x_wconf 83' lang='lat' dir='ltr'><strong>sunt</strong></span> <span class='ocrx_word' id='word_1_148' title='bbox 389 2003 477 2065; x_wconf 92' lang='lat' dir='ltr'><strong>quum</strong></span> <span class='ocrx_word' id='word_1_149' title='bbox 500 1982 570 2060; x_wconf 89' lang='lat' dir='ltr'><strong>alii,</strong></span> <span class='ocrx_word' id='word_1_150' title='bbox 600 1982 634 2041; x_wconf 92' lang='lat' dir='ltr'><strong>ut</strong></span> <span class='ocrx_word' id='word_1_151' title='bbox 653 1981 791 2061; x_wconf 86' lang='lat' dir='ltr'><strong>Heynius</strong></span> <span class='ocrx_word' id='word_1_152' title='bbox 820 1988 852 2047; x_wconf 90' lang='lat' dir='ltr'><strong>et</strong></span> <span class='ocrx_word' id='word_1_153' title='bbox 871 1984 1020 2046; x_wconf 85' lang='lat' dir='ltr'><strong>Bacchius</strong></span> <span class='ocrx_word' id='word_1_154' title='bbox 1043 1988 1082 2047; x_wconf 91' lang='lat' dir='ltr'><strong>ad</strong></span> <span class='ocrx_word' id='word_1_155' title='bbox 1105 1990 1194 2068; x_wconf 77' lang='lat' dir='ltr'><strong>Virg.</strong></span> 
     </span>
    </p>
   </div>
   <div class='ocr_carea' id='block_1_6' title="bbox 66 2074 1314 2174">
    <p class='ocr_par' dir='ltr' id='par_1_6' title="bbox 66 2074 1314 2174">
     <span class='ocr_line' id='line_1_18' title="bbox 66 2074 1314 2174; baseline 0.007 -31"><span class='ocrx_word' id='word_1_156' title='bbox 66 2081 208 2146; x_wconf 90' lang='lat' dir='ltr'><strong>ct0vid.</strong></span> <span class='ocrx_word' id='word_1_157' title='bbox 237 2083 257 2144; x_wconf 95' lang='lat' dir='ltr'><strong>l.</strong></span> <span class='ocrx_word' id='word_1_158' title='bbox 290 2105 332 2164; x_wconf 76' lang='grc' dir='ltr'><strong>ο,</strong></span> <span class='ocrx_word' id='word_1_159' title='bbox 361 2090 421 2148; x_wconf 90' lang='lat' dir='ltr'><strong>tum</strong></span> <span class='ocrx_word' id='word_1_160' title='bbox 448 2084 662 2146; x_wconf 88' lang='lat' dir='ltr'><strong>Hermanni</strong></span> <span class='ocrx_word' id='word_1_161' title='bbox 686 2084 797 2145; x_wconf 88' lang='lat' dir='ltr'><strong>Graec.</strong></span> <span class='ocrx_word' id='word_1_162' title='bbox 826 2085 962 2167; x_wconf 87' lang='lat' dir='ltr'><strong>antiquit.</strong></span> <span class='ocrx_word' id='word_1_163' title='bbox 990 2104 1070 2150; x_wconf 92' lang='lat' dir='ltr'><strong>sacr.</strong></span> <span class='ocrx_word' id='word_1_164' title='bbox 1103 2090 1138 2174; x_wconf 61' lang='lat'><strong>3.</strong></span> <span class='ocrx_word' id='word_1_165' title='bbox 1161 2090 1191 2156; x_wconf 86' lang='lat'><strong>3.</strong></span> <span class='ocrx_word' id='word_1_166' title='bbox 1311 2074 1314 2081; x_wconf 40' lang='lat'>¹</span> 
     </span>
    </p>
   </div>
   <div class='ocr_carea' id='block_1_7' title="bbox 66 2183 1203 4200">
    <p class='ocr_par' dir='ltr' id='par_1_7' title="bbox 66 2183 1193 2372">
     <span class='ocr_line' id='line_1_19' title="bbox 66 2183 1193 2276; baseline 0.005 -28"><span class='ocrx_word' id='word_1_167' title='bbox 66 2184 102 2268; x_wconf 54' lang='grc' dir='ltr'><strong>ὃ.</strong></span> <span class='ocrx_word' id='word_1_168' title='bbox 124 2183 176 2248; x_wconf 71' lang='lat'><strong>32.</strong></span> <span class='ocrx_word' id='word_1_169' title='bbox 197 2186 232 2270; x_wconf 61' lang='lat' dir='ltr'><strong>S.</strong></span> <span class='ocrx_word' id='word_1_170' title='bbox 254 2185 308 2251; x_wconf 94' lang='grc'><strong>64.</strong></span> <span class='ocrx_word' id='word_1_171' title='bbox 330 2192 362 2252; x_wconf 88' lang='lat' dir='ltr'><strong>et</strong></span> <span class='ocrx_word' id='word_1_172' title='bbox 379 2187 549 2250; x_wconf 84' lang='lat' dir='ltr'><strong>Lobeclr.</strong></span> <span class='ocrx_word' id='word_1_173' title='bbox 570 2184 729 2267; x_wconf 77' lang='lat' dir='ltr'><strong>Aglaopb.</strong></span> <span class='ocrx_word' id='word_1_174' title='bbox 751 2204 784 2267; x_wconf 88' lang='lat' dir='ltr'><strong>p.</strong></span> <span class='ocrx_word' id='word_1_175' title='bbox 806 2186 850 2250; x_wconf 81' lang='grc'><strong>64</strong></span> <span class='ocrx_word' id='word_1_176' title='bbox 872 2207 940 2270; x_wconf 87' lang='lat' dir='ltr'><strong>sqq.</strong></span> <span class='ocrx_word' id='word_1_177' title='bbox 963 2186 1036 2250; x_wconf 79' lang='lat'><strong>271.</strong></span> <span class='ocrx_word' id='word_1_178' title='bbox 1061 2190 1125 2256; x_wconf 73' lang='lat'><strong>285</strong></span> <span class='ocrx_word' id='word_1_179' title='bbox 1145 2213 1193 2276; x_wconf 92' lang='lat' dir='ltr'><strong>sq.</strong></span> 
     </span>
     <span class='ocr_line' id='line_1_20' title="bbox 67 2285 552 2372; baseline 0 -23"><span class='ocrx_word' id='word_1_180' title='bbox 67 2287 134 2352; x_wconf 70' lang='lat'><strong>994</strong></span> <span class='ocrx_word' id='word_1_181' title='bbox 156 2308 201 2370; x_wconf 91' lang='lat' dir='ltr'><strong>sq.</strong></span> <span class='ocrx_word' id='word_1_182' title='bbox 224 2288 299 2353; x_wconf 88' lang='lat'><strong>619.</strong></span> <span class='ocrx_word' id='word_1_183' title='bbox 322 2289 388 2354; x_wconf 84' lang='lat'><strong>639</strong></span> <span class='ocrx_word' id='word_1_184' title='bbox 407 2311 454 2372; x_wconf 87' lang='lat' dir='ltr'><strong>sq.</strong></span> <span class='ocrx_word' id='word_1_185' title='bbox 475 2285 552 2352; x_wconf 84' lang='lat'><strong>698.</strong></span> 
     </span>
    </p>

    <p class='ocr_par' dir='ltr' id='par_1_8' title="bbox 68 2388 1196 3170">
     <span class='ocr_line' id='line_1_21' title="bbox 169 2388 1192 2475; baseline 0.003 -21"><span class='ocrx_word' id='word_1_186' title='bbox 169 2388 310 2454; x_wconf 83' lang='lat' dir='ltr'><strong>Ceterum</strong></span> <span class='ocrx_word' id='word_1_187' title='bbox 324 2412 412 2475; x_wconf 93' lang='lat' dir='ltr'><strong>quum</strong></span> <span class='ocrx_word' id='word_1_188' title='bbox 421 2392 577 2470; x_wconf 89' lang='lat' dir='ltr'><strong>Horatius,</strong></span> <span class='ocrx_word' id='word_1_189' title='bbox 588 2389 747 2452; x_wconf 91' lang='lat' dir='ltr'><strong>Pindarum</strong></span> <span class='ocrx_word' id='word_1_190' title='bbox 770 2409 871 2470; x_wconf 90' lang='lat' dir='ltr'><strong>suom,</strong></span> <span class='ocrx_word' id='word_1_191' title='bbox 895 2392 926 2452; x_wconf 91' lang='lat' dir='ltr'><strong>ut</strong></span> <span class='ocrx_word' id='word_1_192' title='bbox 941 2391 1073 2472; x_wconf 87' lang='lat' dir='ltr'><strong>videtur,</strong></span> <span class='ocrx_word' id='word_1_193' title='bbox 1097 2412 1192 2457; x_wconf 90' lang='lat' dir='ltr'><strong>secu-</strong></span> 
     </span>
     <span class='ocr_line' id='line_1_22' title="bbox 68 2480 1194 2576; baseline 0.004 -21"><span class='ocrx_word' id='word_1_194' title='bbox 68 2496 118 2555; x_wconf 89' lang='lat' dir='ltr'><strong>tus</strong></span> <span class='ocrx_word' id='word_1_195' title='bbox 141 2492 410 2576; x_wconf 82' lang='lat' dir='ltr'><strong>(uidinBoeclrbii</strong></span> <span class='ocrx_word' id='word_1_196' title='bbox 430 2495 478 2559; x_wconf 89' lang='lat' dir='ltr'><strong>ed.</strong></span> <span class='ocrx_word' id='word_1_197' title='bbox 494 2495 532 2556; x_wconf 90' lang='lat' dir='ltr'><strong>ad</strong></span> <span class='ocrx_word' id='word_1_198' title='bbox 548 2494 633 2555; x_wconf 81' lang='lat' dir='ltr'><strong>Neon.</strong></span> <span class='ocrx_word' id='word_1_199' title='bbox 647 2491 779 2575; x_wconf 80' lang='lat' dir='ltr'><strong>Vll,li.</strong></span> <span class='ocrx_word' id='word_1_200' title='bbox 792 2513 820 2573; x_wconf 84' lang='lat' dir='ltr'><strong>p.</strong></span> <span class='ocrx_word' id='word_1_201' title='bbox 828 2490 929 2572; x_wconf 73' lang='lat'><strong>421),</strong></span> <span class='ocrx_word' id='word_1_202' title='bbox 954 2512 1009 2572; x_wconf 87' lang='lat' dir='ltr'><strong>pro</strong></span> <span class='ocrx_word' id='word_1_203' title='bbox 1023 2480 1194 2559; x_wconf 57' lang='lat' dir='ltr'><strong>&#39;sententiis</strong></span> 
     </span>
     <span class='ocr_line' id='line_1_23' title="bbox 68 2595 1193 2678; baseline 0.005 -21"><span class='ocrx_word' id='word_1_204' title='bbox 68 2598 265 2674; x_wconf 78' lang='lat' dir='ltr'><strong>generalibus</strong></span> <span class='ocrx_word' id='word_1_205' title='bbox 285 2598 429 2678; x_wconf 90' lang='lat' dir='ltr'><strong>exempla</strong></span> <span class='ocrx_word' id='word_1_206' title='bbox 451 2613 566 2677; x_wconf 86' lang='lat' dir='ltr'><strong>ponere</strong></span> <span class='ocrx_word' id='word_1_207' title='bbox 589 2595 787 2656; x_wconf 85' lang='lat' dir='ltr'><strong>consueverit</strong></span> <span class='ocrx_word' id='word_1_208' title='bbox 804 2628 843 2637; x_wconf 91' lang='lat'>-</span> <span class='ocrx_word' id='word_1_209' title='bbox 866 2613 926 2675; x_wconf 92' lang='lat' dir='ltr'><strong>quo</strong></span> <span class='ocrx_word' id='word_1_210' title='bbox 950 2599 1082 2676; x_wconf 78' lang='lat' dir='ltr'><strong>pertinet</strong></span> <span class='ocrx_word' id='word_1_211' title='bbox 1103 2601 1193 2663; x_wconf 90' lang='lat' dir='ltr'><strong>etiam</strong></span> 
     </span>
     <span class='ocr_line' id='line_1_24' title="bbox 68 2693 1195 2779; baseline -0.005 -20"><span class='ocrx_word' id='word_1_212' title='bbox 68 2698 224 2760; x_wconf 90' lang='lat' dir='ltr'><strong>multorum</strong></span> <span class='ocrx_word' id='word_1_213' title='bbox 246 2699 416 2779; x_wconf 86' lang='lat' dir='ltr'><strong>mytborum</strong></span> <span class='ocrx_word' id='word_1_214' title='bbox 437 2716 509 2759; x_wconf 85' lang='lat' dir='ltr'><strong>usus</strong></span> <span class='ocrx_word' id='word_1_215' title='bbox 529 2695 637 2777; x_wconf 89' lang='lat' dir='ltr'><strong>quibus</strong></span> <span class='ocrx_word' id='word_1_216' title='bbox 658 2693 816 2755; x_wconf 89' lang='lat' dir='ltr'><strong>subtiliora</strong></span> <span class='ocrx_word' id='word_1_217' title='bbox 833 2694 925 2757; x_wconf 91' lang='lat' dir='ltr'><strong>docet</strong></span> <span class='ocrx_word' id='word_1_218' title='bbox 945 2696 1195 2778; x_wconf 73' lang='lat' dir='ltr'><strong>interpretatione</strong></span> 
     </span>
     <span class='ocr_line' id='line_1_25' title="bbox 68 2794 1195 2878; baseline 0.003 -18"><span class='ocrx_word' id='word_1_219' title='bbox 68 2800 213 2876; x_wconf 87' lang='lat' dir='ltr'><strong>eruenda,</strong></span> <span class='ocrx_word' id='word_1_220' title='bbox 236 2801 275 2861; x_wconf 82' lang='lat' dir='ltr'><strong>ci.</strong></span> <span class='ocrx_word' id='word_1_221' title='bbox 300 2822 332 2863; x_wconf 89' lang='lat' dir='ltr'><strong>v.</strong></span> <span class='ocrx_word' id='word_1_222' title='bbox 355 2799 453 2878; x_wconf 77' lang='lat'><strong>8-‚</strong></span> <span class='ocrx_word' id='word_1_223' title='bbox 477 2795 552 2860; x_wconf 90' lang='lat' dir='ltr'><strong>iilud</strong></span> <span class='ocrx_word' id='word_1_224' title='bbox 583 2794 692 2874; x_wconf 89' lang='lat' dir='ltr'><strong>„Non</strong></span> <span class='ocrx_word' id='word_1_225' title='bbox 712 2812 791 2872; x_wconf 78' lang='lat' dir='ltr'><strong>ego</strong></span> <span class='ocrx_word' id='word_1_226' title='bbox 812 2797 941 2877; x_wconf 91' lang='lat' dir='ltr'><strong>quatiam</strong></span> <span class='ocrx_word' id='word_1_227' title='bbox 951 2797 970 2833; x_wconf 89' lang='lat'><strong>“</strong></span> <span class='ocrx_word' id='word_1_228' title='bbox 996 2799 1123 2878; x_wconf 91' lang='lat' dir='ltr'><strong>perinde</strong></span> <span class='ocrx_word' id='word_1_229' title='bbox 1146 2802 1195 2863; x_wconf 91' lang='lat' dir='ltr'><strong>di-</strong></span> 
     </span>
     <span class='ocr_line' id='line_1_26' title="bbox 68 2895 1196 2986; baseline -0.001 -23"><span class='ocrx_word' id='word_1_230' title='bbox 68 2903 148 2963; x_wconf 88' lang='lat' dir='ltr'><strong>ctum</strong></span> <span class='ocrx_word' id='word_1_231' title='bbox 171 2917 242 2960; x_wconf 89' lang='lat' dir='ltr'><strong>esse</strong></span> <span class='ocrx_word' id='word_1_232' title='bbox 263 2905 349 2983; x_wconf 89' lang='lat' dir='ltr'><strong>puta,</strong></span> <span class='ocrx_word' id='word_1_233' title='bbox 372 2903 458 2986; x_wconf 91' lang='lat' dir='ltr'><strong>quasi</strong></span> <span class='ocrx_word' id='word_1_234' title='bbox 477 2898 607 2961; x_wconf 80' lang='lat' dir='ltr'><strong>dixerit:</strong></span> <span class='ocrx_word' id='word_1_235' title='bbox 631 2938 652 2976; x_wconf 94' lang='lat'>„</span> <span class='ocrx_word' id='word_1_236' title='bbox 661 2895 757 2958; x_wconf 89' lang='lat' dir='ltr'><strong>Nemo</strong></span> <span class='ocrx_word' id='word_1_237' title='bbox 777 2899 894 2959; x_wconf 91' lang='lat' dir='ltr'><strong>omnino</strong></span> <span class='ocrx_word' id='word_1_238' title='bbox 916 2897 1009 2975; x_wconf 89' lang='lat' dir='ltr'><strong>debet</strong></span> <span class='ocrx_word' id='word_1_239' title='bbox 1024 2903 1150 2980; x_wconf 87' lang='lat' dir='ltr'><strong>quatere</strong></span> <span class='ocrx_word' id='word_1_240' title='bbox 1159 2902 1196 2965; x_wconf 78' lang='lat'><strong>“2</strong></span> 
     </span>
     <span class='ocr_line' id='line_1_27' title="bbox 69 2999 1195 3086; baseline 0.004 -23"><span class='ocrx_word' id='word_1_241' title='bbox 69 3008 104 3065; x_wconf 88' lang='lat' dir='ltr'><strong>ut</strong></span> <span class='ocrx_word' id='word_1_242' title='bbox 126 3001 196 3063; x_wconf 87' lang='lat' dir='ltr'><strong>nibil</strong></span> <span class='ocrx_word' id='word_1_243' title='bbox 218 3005 345 3068; x_wconf 85' lang='lat' dir='ltr'><strong>attineat</strong></span> <span class='ocrx_word' id='word_1_244' title='bbox 367 3005 441 3067; x_wconf 92' lang='lat' dir='ltr'><strong>illud</strong></span> <span class='ocrx_word' id='word_1_245' title='bbox 463 3016 621 3086; x_wconf 87' lang='lat' dir='ltr'><strong>quaerere,</strong></span> <span class='ocrx_word' id='word_1_246' title='bbox 641 3001 738 3061; x_wconf 90' lang='lat' dir='ltr'><strong>utrum</strong></span> <span class='ocrx_word' id='word_1_247' title='bbox 760 2999 828 3081; x_wconf 90' lang='lat' dir='ltr'><strong>ipse</strong></span> <span class='ocrx_word' id='word_1_248' title='bbox 843 2999 988 3062; x_wconf 85' lang='lat' dir='ltr'><strong>Horatios</strong></span> <span class='ocrx_word' id='word_1_249' title='bbox 1003 3002 1100 3063; x_wconf 87' lang='lat' dir='ltr'><strong>sacris</strong></span> <span class='ocrx_word' id='word_1_250' title='bbox 1113 3003 1195 3068; x_wconf 88' lang='lat' dir='ltr'><strong>Bac-</strong></span> 
     </span>
     <span class='ocr_line' id='line_1_28' title="bbox 70 3101 672 3170; baseline -0.012 -1"><span class='ocrx_word' id='word_1_251' title='bbox 70 3105 163 3169; x_wconf 85' lang='lat' dir='ltr'><strong>clricis</strong></span> <span class='ocrx_word' id='word_1_252' title='bbox 187 3106 321 3168; x_wconf 90' lang='lat' dir='ltr'><strong>initiatus</strong></span> <span class='ocrx_word' id='word_1_253' title='bbox 345 3109 437 3170; x_wconf 82' lang='lat' dir='ltr'><strong>luerit</strong></span> <span class='ocrx_word' id='word_1_254' title='bbox 454 3121 550 3168; x_wconf 89' lang='lat' dir='ltr'><strong>necne</strong></span> <span class='ocrx_word' id='word_1_255' title='bbox 571 3101 672 3162; x_wconf 90' lang='lat' dir='ltr'><strong>inerit.</strong></span> 
     </span>
    </p>

    <p class='ocr_par' dir='ltr' id='par_1_9' title="bbox 70 3202 1200 4004">
     <span class='ocr_line' id='line_1_29' title="bbox 172 3202 1197 3292; baseline -0.001 -22"><span class='ocrx_word' id='word_1_256' title='bbox 172 3207 261 3292; x_wconf 81' lang='lat' dir='ltr'><strong>Quod</strong></span> <span class='ocrx_word' id='word_1_257' title='bbox 282 3214 381 3274; x_wconf 89' lang='lat' dir='ltr'><strong>autem</strong></span> <span class='ocrx_word' id='word_1_258' title='bbox 401 3202 655 3272; x_wconf 86' lang='lat' dir='ltr'><strong>liliiscberlicbios</strong></span> <span class='ocrx_word' id='word_1_259' title='bbox 680 3203 830 3282; x_wconf 88' lang='lat' dir='ltr'><strong>opinatur,</strong></span> <span class='ocrx_word' id='word_1_260' title='bbox 851 3204 1025 3266; x_wconf 86' lang='lat' dir='ltr'><strong>universum</strong></span> <span class='ocrx_word' id='word_1_261' title='bbox 1048 3205 1125 3269; x_wconf 91' lang='lat' dir='ltr'><strong>bunc</strong></span> <span class='ocrx_word' id='word_1_262' title='bbox 1146 3206 1197 3269; x_wconf 94' lang='lat' dir='ltr'><strong>lo-</strong></span> 
     </span>
     <span class='ocr_line' id='line_1_30' title="bbox 71 3296 1196 3394; baseline -0.003 -22"><span class='ocrx_word' id='word_1_263' title='bbox 71 3328 135 3372; x_wconf 92' lang='lat' dir='ltr'><strong>cum</strong></span> <span class='ocrx_word' id='word_1_264' title='bbox 161 3310 310 3376; x_wconf 90' lang='lat' dir='ltr'><strong>obscurae</strong></span> <span class='ocrx_word' id='word_1_265' title='bbox 335 3311 445 3394; x_wconf 86' lang='lat' dir='ltr'><strong>aliquid</strong></span> <span class='ocrx_word' id='word_1_266' title='bbox 466 3307 668 3372; x_wconf 80' lang='lat' dir='ltr'><strong>affectationis</strong></span> <span class='ocrx_word' id='word_1_267' title='bbox 696 3303 830 3385; x_wconf 88' lang='lat' dir='ltr'><strong>babere,</strong></span> <span class='ocrx_word' id='word_1_268' title='bbox 862 3296 942 3387; x_wconf 90' lang='lat' dir='ltr'><strong>quod</strong></span> <span class='ocrx_word' id='word_1_269' title='bbox 971 3307 1063 3370; x_wconf 87' lang='lat' dir='ltr'><strong>facile</strong></span> <span class='ocrx_word' id='word_1_270' title='bbox 1087 3327 1196 3370; x_wconf 84' lang='lat' dir='ltr'><strong>exero-</strong></span> 
     </span>
     <span class='ocr_line' id='line_1_31' title="bbox 70 3406 1198 3493; baseline -0.003 -21"><span class='ocrx_word' id='word_1_271' title='bbox 70 3412 152 3492; x_wconf 89' lang='lat' dir='ltr'><strong>pium</strong></span> <span class='ocrx_word' id='word_1_272' title='bbox 177 3413 327 3478; x_wconf 81' lang='lat' dir='ltr'><strong>Graecum</strong></span> <span class='ocrx_word' id='word_1_273' title='bbox 349 3413 462 3493; x_wconf 87' lang='lat' dir='ltr'><strong>prodat</strong></span> <span class='ocrx_word' id='word_1_274' title='bbox 484 3412 577 3472; x_wconf 90' lang='lat' dir='ltr'><strong>anxie</strong></span> <span class='ocrx_word' id='word_1_275' title='bbox 600 3423 792 3487; x_wconf 88' lang='lat' dir='ltr'><strong>expressum,</strong></span> <span class='ocrx_word' id='word_1_276' title='bbox 815 3406 846 3467; x_wconf 89' lang='lat' dir='ltr'><strong>id</strong></span> <span class='ocrx_word' id='word_1_277' title='bbox 866 3407 935 3469; x_wconf 91' lang='lat' dir='ltr'><strong>mibi</strong></span> <span class='ocrx_word' id='word_1_278' title='bbox 956 3428 1014 3470; x_wconf 90' lang='lat' dir='ltr'><strong>non</strong></span> <span class='ocrx_word' id='word_1_279' title='bbox 1034 3411 1198 3488; x_wconf 85' lang='lat' dir='ltr'><strong>persuasit.</strong></span> 
     </span>
     <span class='ocr_line' id='line_1_32' title="bbox 70 3509 1200 3593; baseline -0.005 -15"><span class='ocrx_word' id='word_1_280' title='bbox 70 3515 160 3578; x_wconf 85' lang='lat' dir='ltr'><strong>Solet</strong></span> <span class='ocrx_word' id='word_1_281' title='bbox 184 3518 260 3576; x_wconf 91' lang='lat' dir='ltr'><strong>enim</strong></span> <span class='ocrx_word' id='word_1_282' title='bbox 286 3515 432 3577; x_wconf 88' lang='lat' dir='ltr'><strong>Horatios</strong></span> <span class='ocrx_word' id='word_1_283' title='bbox 459 3530 518 3573; x_wconf 94' lang='lat' dir='ltr'><strong>non</strong></span> <span class='ocrx_word' id='word_1_284' title='bbox 545 3513 588 3572; x_wconf 89' lang='lat' dir='ltr'><strong>ita</strong></span> <span class='ocrx_word' id='word_1_285' title='bbox 618 3509 710 3570; x_wconf 91' lang='lat' dir='ltr'><strong>anxie</strong></span> <span class='ocrx_word' id='word_1_286' title='bbox 741 3524 880 3587; x_wconf 88' lang='lat' dir='ltr'><strong>premere</strong></span> <span class='ocrx_word' id='word_1_287' title='bbox 907 3511 1043 3586; x_wconf 77' lang='lat' dir='ltr'><strong>uestigia</strong></span> <span class='ocrx_word' id='word_1_288' title='bbox 1068 3509 1200 3593; x_wconf 83' lang='lat' dir='ltr'><strong>Graeca,</strong></span> 
     </span>
     <span class='ocr_line' id='line_1_33' title="bbox 71 3604 1199 3698; baseline -0.007 -19"><span class='ocrx_word' id='word_1_289' title='bbox 71 3618 251 3698; x_wconf 85' lang='lat' dir='ltr'><strong>praesertim</strong></span> <span class='ocrx_word' id='word_1_290' title='bbox 273 3617 303 3676; x_wconf 91' lang='lat' dir='ltr'><strong>in</strong></span> <span class='ocrx_word' id='word_1_291' title='bbox 326 3615 411 3676; x_wconf 86' lang='lat' dir='ltr'><strong>exitu</strong></span> <span class='ocrx_word' id='word_1_292' title='bbox 434 3612 602 3674; x_wconf 90' lang='lat' dir='ltr'><strong>carminum.</strong></span> <span class='ocrx_word' id='word_1_293' title='bbox 646 3608 695 3668; x_wconf 88' lang='lat' dir='ltr'><strong>De</strong></span> <span class='ocrx_word' id='word_1_294' title='bbox 709 3604 864 3669; x_wconf 81' lang='lat' dir='ltr'><strong>Alcaeo</strong></span> <span class='ocrx_word' id='word_1_295' title='bbox 888 3609 1018 3690; x_wconf 91' lang='lat' dir='ltr'><strong>quidem,</strong></span> <span class='ocrx_word' id='word_1_296' title='bbox 1042 3627 1127 3692; x_wconf 92' lang='lat' dir='ltr'><strong>quem</strong></span> <span class='ocrx_word' id='word_1_297' title='bbox 1148 3610 1199 3673; x_wconf 89' lang='lat' dir='ltr'><strong>ille</strong></span> 
     </span>
     <span class='ocr_line' id='line_1_34' title="bbox 71 3709 1198 3801; baseline -0.004 -22"><span class='ocrx_word' id='word_1_298' title='bbox 71 3720 254 3801; x_wconf 82' lang='lat' dir='ltr'><strong>putaverat,</strong></span> <span class='ocrx_word' id='word_1_299' title='bbox 288 3733 325 3778; x_wconf 90' lang='lat' dir='ltr'><strong>ne</strong></span> <span class='ocrx_word' id='word_1_300' title='bbox 356 3713 549 3792; x_wconf 82' lang='lat' dir='ltr'><strong>cogitandum</strong></span> <span class='ocrx_word' id='word_1_301' title='bbox 573 3709 690 3794; x_wconf 90' lang='lat' dir='ltr'><strong>quidem</strong></span> <span class='ocrx_word' id='word_1_302' title='bbox 704 3710 787 3771; x_wconf 90' lang='lat' dir='ltr'><strong>crat.</strong></span> <span class='ocrx_word' id='word_1_303' title='bbox 832 3709 926 3772; x_wconf 88' lang='lat' dir='ltr'><strong>Plane</strong></span> <span class='ocrx_word' id='word_1_304' title='bbox 948 3711 1056 3773; x_wconf 86' lang='lat' dir='ltr'><strong>alius</strong></span> <span class='ocrx_word' id='word_1_305' title='bbox 1048 3731 1074 3773; x_wconf 85' lang='lat' dir='ltr'><strong>rs</strong></span> <span class='ocrx_word' id='word_1_306' title='bbox 1098 3709 1198 3793; x_wconf 92' lang='lat' dir='ltr'><strong>bomo,</strong></span> 
     </span>
     <span class='ocr_line' id='line_1_35' title="bbox 71 3811 1199 3903; baseline -0.004 -20"><span class='ocrx_word' id='word_1_307' title='bbox 71 3840 163 3903; x_wconf 93' lang='lat' dir='ltr'><strong>quam</strong></span> <span class='ocrx_word' id='word_1_308' title='bbox 197 3820 247 3903; x_wconf 90' lang='lat' dir='ltr'><strong>qni</strong></span> <span class='ocrx_word' id='word_1_309' title='bbox 278 3818 351 3882; x_wconf 91' lang='lat' dir='ltr'><strong>talia</strong></span> <span class='ocrx_word' id='word_1_310' title='bbox 385 3820 552 3898; x_wconf 87' lang='lat' dir='ltr'><strong>praccepta</strong></span> <span class='ocrx_word' id='word_1_311' title='bbox 580 3812 706 3875; x_wconf 82' lang='lat' dir='ltr'><strong>sundere</strong></span> <span class='ocrx_word' id='word_1_312' title='bbox 733 3812 876 3892; x_wconf 88' lang='lat' dir='ltr'><strong>poluerit.</strong></span> <span class='ocrx_word' id='word_1_313' title='bbox 920 3813 1033 3877; x_wconf 88' lang='lat' dir='ltr'><strong>Athen.</strong></span> <span class='ocrx_word' id='word_1_314' title='bbox 1059 3812 1115 3895; x_wconf 89' lang='grc'><strong>10,</strong></span> <span class='ocrx_word' id='word_1_315' title='bbox 1139 3811 1199 3879; x_wconf 83' lang='lat'><strong>33:</strong></span> 
     </span>
     <span class='ocr_line' id='line_1_36' title="bbox 71 3909 751 4004; baseline -0.022 -14.955"><span class='ocrx_word' id='word_1_316' title='bbox 71 3924 216 3997; x_wconf 80' lang='grc' dir='ltr'><strong><em>Ἀλκαῖος</em></strong></span> <span class='ocrx_word' id='word_1_317' title='bbox 235 3916 400 4003; x_wconf 73' lang='lat' dir='ltr'><strong>usilomrb</strong></span> <span class='ocrx_word' id='word_1_318' title='bbox 398 3920 505 4004; x_wconf 83' lang='grc' dir='ltr'><em>’γραψε</em></span> <span class='ocrx_word' id='word_1_319' title='bbox 525 3913 563 3981; x_wconf 74' lang='grc' dir='ltr'><strong>τὰ</strong></span> <span class='ocrx_word' id='word_1_320' title='bbox 583 3909 751 3995; x_wconf 77' lang='grc' dir='ltr'><strong>ποιήματα.</strong></span> 
     </span>
    </p>

    <p class='ocr_par' dir='ltr' id='par_1_10' title="bbox 74 4013 1203 4200">
     <span class='ocr_line' id='line_1_37' title="bbox 176 4013 1203 4105; baseline -0.009 -18"><span class='ocrx_word' id='word_1_321' title='bbox 176 4047 206 4087; x_wconf 86' lang='lat' dir='ltr'><strong>v.</strong></span> <span class='ocrx_word' id='word_1_322' title='bbox 231 4022 281 4086; x_wconf 93' lang='grc'><strong>16</strong></span> <span class='ocrx_word' id='word_1_323' title='bbox 326 4025 509 4105; x_wconf 77' lang='lat' dir='ltr'><strong>Arcanique</strong></span> <span class='ocrx_word' id='word_1_324' title='bbox 529 4019 610 4101; x_wconf 79' lang='lat' dir='ltr'><strong>fides</strong></span> <span class='ocrx_word' id='word_1_325' title='bbox 625 4016 763 4101; x_wconf 81' lang='lat' dir='ltr'><strong>prodigo</strong></span> <span class='ocrx_word' id='word_1_326' title='bbox 780 4018 974 4097; x_wconf 79' lang='lat' dir='ltr'><strong>perlucidior</strong></span> <span class='ocrx_word' id='word_1_327' title='bbox 994 4013 1087 4099; x_wconf 78' lang='lat' dir='ltr'><strong>citro]</strong></span> <span class='ocrx_word' id='word_1_328' title='bbox 1110 4015 1203 4078; x_wconf 85' lang='lat' dir='ltr'><strong>Redit</strong></span> 
     </span>
     <span class='ocr_line' id='line_1_38' title="bbox 74 4117 1201 4200; baseline -0.011 -8"><span class='ocrx_word' id='word_1_329' title='bbox 74 4128 211 4192; x_wconf 90' lang='lat' dir='ltr'><strong>carminis</strong></span> <span class='ocrx_word' id='word_1_330' title='bbox 232 4127 384 4189; x_wconf 88' lang='lat' dir='ltr'><strong>sententia</strong></span> <span class='ocrx_word' id='word_1_331' title='bbox 403 4124 440 4187; x_wconf 92' lang='lat' dir='ltr'><strong>ad</strong></span> <span class='ocrx_word' id='word_1_332' title='bbox 463 4112 669 4200; x_wconf 84' lang='lat' dir='ltr'><strong>Alcaeum,</strong></span> <span class='ocrx_word' id='word_1_333' title='bbox 693 4120 727 4180; x_wconf 91' lang='lat' dir='ltr'><strong>ut</strong></span> <span class='ocrx_word' id='word_1_334' title='bbox 751 4118 890 4182; x_wconf 87' lang='lat' dir='ltr'><strong>videtur:</strong></span> <span class='ocrx_word' id='word_1_335' title='bbox 914 4119 999 4182; x_wconf 89' lang='lat' dir='ltr'><strong>cuius</strong></span> <span class='ocrx_word' id='word_1_336' title='bbox 1019 4117 1096 4180; x_wconf 90' lang='lat' dir='ltr'><strong>baec</strong></span> <span class='ocrx_word' id='word_1_337' title='bbox 1121 4122 1201 4196; x_wconf 90' lang='lat' dir='ltr'><strong>sont,</strong></span> 
     </span>
    </p>
   </div>
   <div class='ocr_carea' id='block_1_8' title="bbox 73 4228 328 4296">
    <p class='ocr_par' dir='ltr' id='par_1_11' title="bbox 73 4228 328 4296">
     <span class='ocr_line' id='line_1_39' title="bbox 73 4228 328 4296; baseline -0.016 -2"><span class='ocrx_word' id='word_1_338' title='bbox 73 4232 122 4294; x_wconf 80' lang='lat' dir='ltr'><strong>ur.</strong></span> <span class='ocrx_word' id='word_1_339' title='bbox 144 4231 196 4296; x_wconf 89' lang='grc'><strong>44.</strong></span> <span class='ocrx_word' id='word_1_340' title='bbox 220 4228 328 4294; x_wconf 73' lang='lat' dir='ltr'><strong>sebur</strong></span> 
     </span>
    </p>
   </div>
   <div class='ocr_carea' id='block_1_9' title="bbox 283 4320 918 4415">
    <p class='ocr_par' dir='ltr' id='par_1_12' title="bbox 283 4320 918 4415">
     <span class='ocr_line' id='line_1_40' title="bbox 283 4320 918 4415; baseline -0.022 -19"><span class='ocrx_word' id='word_1_341' title='bbox 283 4323 408 4404; x_wconf 80' lang='grc' dir='ltr'><strong><em>Οἶνος</em></strong></span> <span class='ocrx_word' id='word_1_342' title='bbox 430 4323 491 4412; x_wconf 79' lang='grc' dir='ltr'><strong>γοΙρ</strong></span> <span class='ocrx_word' id='word_1_343' title='bbox 512 4320 694 4410; x_wconf 70' lang='grc' dir='ltr'><strong><em>ἀνθρώποις</em></strong></span> <span class='ocrx_word' id='word_1_344' title='bbox 720 4323 918 4415; x_wconf 80' lang='grc' dir='ltr'><strong><em>δίοπτρον</em></strong></span> 
     </span>
    </p>
   </div>
   <div class='ocr_carea' id='block_1_10' title="bbox 0 0 1395 4838">
    <p class='ocr_par' dir='ltr' id='par_1_13' title="bbox 0 0 1395 4838">
     <span class='ocr_line' id='line_1_41' title="bbox 0 0 1395 4838; baseline 0 0"><span class='ocrx_word' id='word_1_345' title='bbox 0 0 1395 4838; x_wconf 95' lang='lat' dir='ltr'><strong> </strong></span> 
     </span>
    </p>
   </div>
  </div>
 </body>
</html>
