2768 4838
120 253 184 320 tir

123 441 288 523 ριζῶοτραι
305 440 437 519 famant,
463 441 498 502 ut
525 440 564 500 de
593 436 746 539 tremite
768 437 1044 521 lemniscisque
1069 456 1254 502 coronarum

125 542 282 605 dicendum
303 559 377 605 esse
400 543 558 622 videatur,
581 541 718 621 quoniam
738 541 785 603 sle
806 539 906 619 vulgo
926 561 1028 604 aeras
1044 544 1182 625 philyra
1206 566 1253 607 eo

123 644 351 709 ronaslloratii
372 636 565 728 interpretari
577 643 701 707 malunt.
730 642 878 705 Videntur
895 646 994 705 nutem
1008 644 1130 707 illorum
1154 648 1254 710 vittae

124 746 233 809 laneae
253 765 324 808 esse
341 746 449 811 ludicri
469 747 597 809 victoris
618 749 752 808 ornatum
773 746 961 807 simulantes.
1004 747 1149 830 Uterque
1168 751 1255 829 enin,

127 853 162 912 ut
183 851 305 930 opinor,
335 851 424 913 animi
446 866 557 913 caussa
580 848 657 909 inter
677 844 787 928 poo'ula
808 866 939 911 coronae
959 867 1035 912 suae
1055 853 1183 913 taenias
1206 852 1254 913 vel

126 953 194 1035 lpse
217 950 376 1016 addiderat
403 952 456 1014 vel
486 971 505 1013 a
536 949 693 1011 sodalibus
716 948 785 1010 addi
817 949 873 1010 sibi
901 968 1014 1030 passus
1042 955 1133 1031 erat,
1169 956 1254 1036 quasi

125 1055 240 1118 maiore
268 1055 368 1137 aliquo
396 1054 558 1118 certamine
586 1050 721 1113 ludorum
749 1051 894 1129 vicisset,
922 1053 1008 1114 cuius
1032 1073 1071 1117 eo
1100 1057 1253 1135 insignius

125 1160 194 1221 erat
214 1159 396 1240 praemium,
426 1156 454 1218 si
480 1173 611 1219 coronae
639 1154 733 1218 additi
760 1153 894 1216 lemnisci
922 1153 1102 1240 essent¹⁵)‚.
1149 1159 1254 1244 Atque

123 1406 127 1413 ·
163 1382 210 1451 15)
229 1378 304 1436 Ptnd.
323 1377 366 1434 01.
391 1382 424 1440 9,
441 1381 492 1435 90:
516 1367 608 1442 ἦλθον
630 1368 760 1440 τιμάορος
777 1369 931 1439 Ἰσθμίαισι
949 1373 1170 1445 Λαμπρομάχου
1197 1381 1255 1448 μί-

229 1483 341 1532 τραις.
365 1462 411 1515 ubi
433 1452 536 1524 mitris}
553 1459 665 1512 notante
681 1454 835 1521 Boeokblo‚
854 1457 1040 1526 significantur
1057 1458 1191 1517 Isthmiae
1209 1481 1252 1519 oo·-

231 1562 331 1610 ronae,
351 1547 491 1617 quasillis
510 1540 757 1613 imponisolebant.
779 1538 885 1597 Sobel:
908 1546 1039 1610 μίτρας
1062 1546 1118 1616 7⁰²9
1138 1546 1254 1604 didaces

232 1631 290 1686 τῶν
303 1627 446 1698 στεφάνων
460 1628 508 1681 sori
521 1625 680 1694 διαδήματα
694 1625 806 1678 ποικίλα
819 1620 934 1679 εἰώθασι
947 1625 1061 1683 συνδεῖν.
1087 1631 1156 1686 Hine
1165 1633 1253 1692 Ῑςῑιῃῃ1

232 1697 250 1771 l
269 1720 351 1768 extu:
376 1711 500 1782 λάμβανέ
516 1703 546 1764 σι’
561 1712 712 1779 στέφανον,
730 1711 794 1779 φέρε
812 1706 838 1761 δ’
847 1706 981 1776 εὔμαλλον
1003 1711 1156 1784 μίτραν,
1186 1721 1254 1775 unde

232 1799 310 1854 simul
328 1797 490 1867 intelligitur
509 1799 613 1849 mitram
633 1811 665 1849 ex
684 1795 747 1848 lana
767 1793 915 1848 conlectam
929 1810 1000 1849 esse.
1036 1796 1112 1854 node
1131 1802 1173 1856 ibi
1189 1823 1254 1876 quo.

235 1898 286 1953 que
312 1881 418 1936 Sciret:
443 1879 623 1949 εὔμαλλον
647 1878 675 1933 dt
698 1887 833 1948 pisper
856 1877 908 1945 τήν
928 1884 1038 1935 ταινίαν
1060 1883 1113 1951 spu
1130 1885 1163 1956 ἐξ
1183 1889 1254 1959 ἐρίου

232 1965 341 2030 ξανθοῦ
359 1969 415 2024 τοῖς
431 1965 573 2036 στεφάνοις
590 1964 837 2034 προεπλιιιομὸνην.
873 1953 1122 2049 ΡΙιιταῖΒοοαΗι.
1141 1973 1177 2026 ad
1196 1975 1213 2029 l.
1224 1991 1254 2030 er

234 2048 276 2104 01.
296 2065 317 2106 o.
338 2065 364 2119 p.
383 2054 443 2107 193.
472 2053 498 2101 et
522 2047 659 2104 Krause
684 2053 711 2101 in
738 2049 809 2102 libro
835 2065 884 2102 suo
904 2047 1027 2120 Olympia
1051 2061 1156 2122 p.162.
1194 2057 1256 2115 ppop

158 2147 163 2157 ’
232 2142 321 2190 tamen
340 2151 397 2189 cum
417 2136 470 2188 illis
490 2148 605 2188 ooronas
624 2132 741 2186 ludicras
761 2131 803 2186 tos
822 2136 939 2187 mitris
955 2139 1012 2190 sive
1029 2143 1173 2202 taeniis.
1190 2148 1249 2208 ‚im

234 2224 353 2291 positas‘
376 2219 426 2272 tibi
450 2218 569 2293 tingere,
597 2222 666 2272 siout
690 2217 853 2272 sacerdotali
879 2219 980 2273 iasoiae
1005 2236 1026 2274 s.
1050 2224 1153 2286 infulae
1181 2229 1256 2285 frons

235 2305 313 2359 oleae
330 2309 377 2357 aut
395 2307 475 2357 etlam
494 2304 563 2357 lauri
588 2303 789 2371 imponebatur:
820 2303 848 2356 id
872 2303 944 2374 quod
968 2312 1061 2374 aperte
1084 2323 1152 2365 sano
1178 2313 1257 2368 docet

235 2397 311 2443 vetus
329 2387 435 2459 quidam
454 2393 548 2442 auctor
567 2401 610 2458 ap.
628 2387 722 2442 Athen.
740 2387 804 2454 XV,
830 2395 882 2448 677
900 2405 932 2444 a:
958 2388 1002 2444 dri
1027 2399 1075 2446 sat
1094 2394 1184 2464 τοῦτῳ
1206 2401 1258 2466 (τῷ

235 2477 340 2543 στέφει,
358 2470 507 2539 στέμματι)
520 2470 620 2540 πρώτῳ
637 2470 891 2542 στεφανωσάμενοι,
909 2472 1034 2550 δεθτερον
1048 2484 1258 2550 περιτιθέμεθα

236 2558 286 2610 τόν
303 2554 445 2625 δάφνινον.
472 2561 498 2608 et
516 2555 617 2612 Statius
637 2561 665 2613 in
683 2557 768 2614 Theb.
790 2557 823 2623 ii,
840 2564 887 2616 98:
913 2562 961 2637 sed
978 2563 1051 2628 soleo
1071 2569 1191 2618 cucurrit
1211 2573 1258 2620 In-

235 2646 294 2711 fnln
310 2659 359 2710 pcc
378 2643 464 2695 crines
481 2645 642 2714 placensque
654 2647 769 2697 innocus
788 2645 874 2703 olioroe
886 2647 1017 2697 Vitiorum
1027 2652 1152 2713 prouenit
1166 2652 1258 2716 bonos,

237 2732 255 2783 i.
278 2743 300 2782 e.
324 2729 456 2797 utrimque
475 2742 506 2781 ex
530 2729 644 2783 intuta
670 2735 816 2799 coeperunt
834 2729 984 2798 dependere
1010 2724 1138 2799 vittae,
1161 2736 1257 2806 quibus

237 2816 336 2868 innexa
355 2819 381 2866 et
398 2815 499 2865 intorta
518 2820 576 2866 erat
598 2815 672 2878 olea;
702 2821 728 2867 et
750 2815 798 2867 alii
820 2813 890 2883 apud
911 2810 1135 2871 l’aso'halium
1160 2821 1259 2877 Geron.

237 2897 281 2964 lV,
300 2905 344 2952 2².
367 2915 389 2967 p
410 2906 470 2957 277.
506 2898 605 2968 Nempe
630 2900 731 2953 intutae
754 2901 815 2963 isti,
843 2912 911 2968 quae
936 2901 1011 2967 prior
1035 2907 1061 2954 et
1085 2906 1179 2972 potior
1202 2916 1260 2963 erat

236 2997 301 3054 pars
320 2985 349 3037 ln
370 2983 533 3037 sacerdotali
552 2986 638 3050 cultu,
657 2989 728 3041 inter
747 2998 826 3038 sacra
843 2984 952 3038 frondes
972 2976 1036 3039 illae
1054 2992 1259 3062 superimpone-

238 3070 351 3132 banus,
372 3072 436 3138 quia
454 3071 609 3124 sacerdotes
629 3077 683 3122 turn
703 3086 756 3123 non
770 3070 855 3123 sotum
874 3069 1056 3145 candidatiet¹
1071 3070 1191 3144 infulati,
1212 3078 1260 3133 sed

238 3157 318 3206 etiam
337 3157 366 3206 ut
380 3168 471 3206 omnes
490 3158 597 3208 omnino
615 3152 797 3207 sacrificantes
813 3157 853 3208 sio
870 3158 923 3225 ipsi
936 3168 1041 3226 quoque
1059 3148 1187 3215 omonati
1200 3177 1260 3216 esse

238 3237 385 3291 debebant:
413 3253 491 3308 quum
517 3242 625 3293 coronis
646 3236 791 3308 olympicis
811 3240 927 3314 aliisque
953 3256 1021 3311 quae
1040 3249 1118 3297 crant
1138 3251 1261 3314 praemia

238 3325 366 3375 victorum
397 3326 540 3377 taeniae
566 3330 647 3394 etque
674 3325 837 3378 lemnisci
867 3341 920 3378 non
948 3341 1052 3395 semper
1083 3327 1191 3397 quidem
1214 3330 1262 3384 sed

241 3408 396 3480 plerumque
420 3413 446 3461 ct
469 3410 579 3462 maioris
605 3407 715 3461 honoris
742 3424 838 3463 caussa
864 3411 1123 3480 superadderentur,
1152 3421 1183 3467 ut
1207 3432 1262 3469 non

239 3495 325 3546 mitras
344 3497 436 3560 aperte
457 3492 550 3562 colligi
565 3499 667 3563 potest
685 3509 718 3547 ex
739 3492 790 3547 boc
815 3495 875 3549 loco
902 3495 1039 3560 Philonis,
1069 3512 1122 3566 quo
1151 3506 1264 3566 praetor

238 3579 308 3631 alios
325 3575 393 3629 idem
415 3573 571 3630 Pasobalius
591 3583 674 3632 utitur
693 3577 754 3634 Cor.
773 3579 817 3644 lv,
836 3588 859 3638 8.
878 3599 903 3651 p.
924 3589 990 3641 229:
1015 3578 1097 3637 stete
1112 3582 1266 3654 παρελθών

238 3662 274 3715 τά
286 3663 403 3731 plostris
421 3667 467 3713 aral
484 3659 534 3714 τὸν
551 3662 664 3732 φοίνικα
685 3660 785 3720 doridos
801 3671 847 3718 asi
864 3664 1113 3736 στεφάνωσον,
1132 3665 1159 3721 εἰ
1176 3669 1264 3730 θέλει,

238 3752 298 3800 ταὶ
322 3746 402 3800 ταῒτ
425 3749 591 3803 ταινίαις
615 3744 804 3815 α’νιίδησσν.
851 3749 884 3805 Et
908 3755 948 3806 sio
972 3750 1217 3819 Pottuxlll,152.
1238 3763 1265 3810 et

136 3860 141 3868 -
239 3833 320 3882 ceteri
338 3843 430 3883 omrres
449 3835 494 3902 qui
514 3829 591 3885 huius
611 3833 651 3885 rei
670 3836 821 3887 accuratius
844 3839 1004 3890 mentionem
1025 3839 1127 3892 iaciunt
1145 3837 1179 3892 τό
1198 3859 1265 3893 τοι-

237 3911 336 3965 νιιῖσαι
355 3920 417 3983 post
435 3915 466 3968 το“
492 3912 666 3982 στεφανῶσαι
684 3920 843 3979 memorant
880 3922 974 3993 ltaque
998 3938 1116 3981 coronat
1140 3924 1266 3980 ludicrae

238 4002 398 4070 ceteraeque
416 3999 540 4052 victrices
559 4006 586 4052 et
608 3999 723 4068 teretes,
750 4005 894 4073 uitellos,
918 4012 975 4063 suis
993 4010 1091 4062 taeniis
1110 4010 1186 4065 velut
1202 4009 1264 4063 lim

238 4082 280 4137 bis
300 4081 458 4155 quibusdam
477 4080 598 4148 (settene
616 4084 713 4141 Suidas
735 4087 785 4143 bas
806 4093 879 4160 ipsas
899 4096 1004 4147 taenias
1028 4095 1122 4157 vocat)
1148 4096 1265 4149 eircum-

238 4168 373 4223 dabantur
389 4173 470 4238 atque
488 4168 707 4238 implicabantur,
725 4182 754 4228 ut
776 4179 883 4230 taeniae
908 4184 935 4230 et
960 4185 1039 4247 eaput
1054 4182 1267 4249 praecingerent

135 4310 140 4319 ,
239 4256 267 4304 ot
283 4265 411 4305 coronam
429 4254 514 4321 ipsam
531 4269 585 4307 non
603 4257 688 4312 solum
707 4260 884 4330 colligarent,
901 4263 1044 4318 sedetiam
1066 4265 1267 4336 distinguerent

238 4340 319 4406 atque
344 4338 516 4404 inornarent,
541 4337 570 4392 id
596 4341 668 4412 quod
696 4348 809 4401 maxime
835 4360 927 4402 earum
951 4351 1048 4404 torulis
1074 4356 1101 4406 et
1128 4352 1267 4407 lemniscis
