2768 4838
119 290 186 338 uit

127 459 265 524 laudibus
285 457 454 537 magnificis
477 457 651 538 efferuntur,
668 457 827 520 Pindarico
845 473 943 537 prope
963 457 1146 518 sublimitate
1173 477 1264 521 com-

22 589 25 594 ·
127 563 257 645 positum
276 556 997 642 011,ιο0.1,1.Ι,19.Ι,31.Ι,35.1111.
1049 555 1119 621 Vid.
1141 564 1266 624 ommino

129 665 168 728 ad
191 661 362 741 0.1,ι,3.

232 764 281 826 lix
303 765 340 826 iis
361 747 461 826 autem
474 764 605 844 kyriale,
628 782 705 846 quos
720 765 788 845 ipse
808 781 866 824 uon
880 763 1062 840 nominavit,
1083 779 1141 822 nou
1165 763 1266 840 igno-

130 867 212 928 ravit
232 868 331 929 tamen
356 864 584 945 dicatarum,
608 867 740 929 Doricae
753 867 822 927 sive
836 863 976 929 oboricae
992 865 1095 945 poesis
1112 863 1265 928 cultorem

126 971 164 1032 ct
186 968 362 1045 antistitem,
384 968 572 1030 neooblitus
593 971 643 1030 est
665 967 778 1044 Regini
800 967 927 1046 Ibyci,
947 966 1106 1045 „omnium
1121 967 1267 1045 bagran-

130 1072 237 1136 tissimi
258 1071 402 1150 aurore“,
423 1087 480 1132 nec
502 1070 641 1152 denique,
663 1071 690 1131 si
703 1067 883 1131 Scboliastis
904 1066 979 1130 fides
1000 1067 1149 1147 labenda,
1165 1069 1266 1135 Bae-

130 1172 335 1254 cbylidis,
362 1172 525 1234 Simonidis
550 1171 606 1237 (lei
637 1190 678 1235 ex
709 1189 816 1234 sorore
845 1170 915 1250 lilii,
942 1175 975 1231 ut
1002 1170 1128 1250 lyricum
1155 1190 1268 1251 grann-

131 1277 303 1339 maticorum
329 1275 601 1337 Alexandrinorum
625 1290 767 1337 canonem
797 1279 892 1338 totum
915 1273 1096 1353 complexus
1117 1292 1189 1338 esse
1213 1278 1268 1338 ui-

133 1371 307 1453 deatur³³).

170 1542 174 1549 ,
233 1477 274 1538 lli
303 1477 397 1553 igitur
420 1494 496 1558 quos
520 1475 584 1536 dixi
611 1477 640 1536 in
676 1473 864 1539 Carminibus
895 1477 1069 1553 gravissimi
1096 1481 1167 1539 suot
1196 1479 1268 1541 llo-

133 1582 211 1647 ratio
235 1579 419 1644 Graecitatis
441 1579 600 1656 auctores,
622 1577 791 1657 Homerus,
813 1578 994 1658 Euripides,
1017 1578 1136 1657 Lyricia
1157 1581 1268 1662 quibus

133 1686 190 1746 iam
211 1701 229 1746 e
246 1684 371 1766 reliquis
393 1682 526 1743 omuibus
545 1679 675 1740 nonnulii
697 1679 825 1740 addendi
841 1681 981 1741 videntur
1001 1683 1029 1741 iu
1053 1683 1192 1744 transitu.
1216 1683 1267 1745 Ac

132 1787 246 1867 primus
267 1786 387 1867 quidem
408 1802 450 1844 ex
471 1781 610 1861 lipicis
640 1782 751 1860 dignus
779 1786 828 1845 est
851 1783 900 1864 qui
922 1784 1090 1845 nominetur
1111 1784 1267 1847 Hesio-

133 1883 270 1970 dus³⁴),
306 1888 390 1950 cuius
418 1883 667 1964 „Ascraeum
697 1885 878 1948 carinen“
907 1904 965 1947 uou
994 1887 1088 1946 ruiuus
1111 1888 1267 1967 suspexit,

132 2010 218 2073 quam
242 1990 391 2067 Virgilius
413 1987 465 2068 (G.
489 1985 530 2067 ll,
555 1983 643 2066 176).

232 2093 281 2153 lix
298 2091 365 2152 idle
376 2090 522 2169 giuols,
545 2088 696 2170 aquibus,
713 2090 746 2149 ut
764 2089 831 2169 ipse
852 2088 968 2170 quidem
985 2093 1092 2153 statuit
1110 2091 1149 2152 A.
1160 2092 1194 2152 P.
1206 2091 1267 2156 75:

278 2191 428 2253 Versibus
450 2190 603 2271 impariter
625 2191 733 2252 iunctis
755 2192 1006 2270 querimonia
1029 2196 1164 2274 priuuuu,

279 2292 356 2354 Post
379 2292 468 2354 etiam
491 2291 607 2354 inclusa
628 2294 677 2352 est
696 2293 777 2353 voti
800 2297 1009 2358 sententia
1032 2316 1202 2380 compos,

132 2392 336 2454 Mimnermum
362 2411 524 2474 omnesque
545 2394 729 2475 antiquiores
743 2398 864 2474 poetas,
884 2394 1003 2460 Ionicos
1021 2400 1098 2481 dico,
1118 2400 1269 2465 Callima·

132 2495 188 2559 ubo
212 2499 244 2558 et
265 2498 377 2559 ceteris
399 2495 617 2558 Alexandrinis
640 2497 778 2577 praefert
798 2496 943 2559 Horatius
965 2500 1065 2580 Epist.
1089 2503 1136 2584 it,
1151 2505 1182 2582 ἱ),
1204 2501 1270 2566 too

133 2617 198 2679 sq,
219 2600 325 2680 inquo
345 2601 412 2681 ipse
436 2600 494 2660 sibi
517 2602 652 2677 constat,
676 2598 726 2678 qui
749 2599 791 2660 ita
805 2597 1030 2682 iudicetllpist.
1044 2606 1088 2685 ll,
1104 2607 1132 2686 l,
1147 2605 1207 2670 28:
1228 2642 1268 2651 -

133 2699 376 2766 Graecorum
398 2706 488 2764 sunt
511 2701 788 2783 antiquissima
811 2720 989 2785 quaeque
1011 2706 1176 2789 Scripta
1198 2710 1269 2771 vel

134 2805 298 2886 optima.
342 2805 416 2891 Quis
444 2807 542 2866 tamen
562 2797 748 2884 θρηνητικήν
770 2803 849 2865 illam
872 2806 1003 2885 elegiam
1023 2812 1136 2891 primus
1157 2811 1270 2874 condi-

134 2907 213 2969 derit
243 2913 275 2970 et
304 2907 467 2986 „emiserit
496 2905 650 2984 auctor“,
687 2907 754 2985 ipse
788 2907 952 2971 decernere
981 2912 1114 2992 dubitat,
1148 2931 1269 2994 „quum

25 3050 27 3055 -
135 3006 232 3070 adbuc
255 3008 311 3066 sub
331 3009 430 3069 iudice
453 3008 490 3068 lis
514 3008 554 3068 sit
564 3006 603 3083 “,
633 3007 688 3065 sed
720 3009 922 3086 perfectorem
944 3015 1009 3074 eius
1030 3019 1174 3093 agnoscit
1195 3017 1291 3082 Si-.

134 3107 319 3168 mouidem
348 3106 459 3188 Ceam,
493 3109 609 3170 varium
644 3107 724 3167 illum
759 3113 790 3171 et
823 3112 1014 3192 multiplicem
1047 3122 1079 3178 ct
1111 3121 1274 3200 copiosum·

136 3211 268 3289 poetam,
292 3209 376 3271 cuius
400 3208 499 3272 Ceos
523 3210 691 3271 naenias
712 3210 817 3274 laudat
840 3210 875 3275 G.
899 3214 936 3294 li,
962 3217 991 3297 i,
1016 3217 1068 3283 38.
1093 3222 1269 3285 Amatoriae

137 3313 236 3372 autem
258 3310 381 3387 elegiae
403 3315 508 3373 auctor
530 3315 562 3373 et
583 3310 741 3392 exemplar
761 3316 788 3374 ei
804 3321 852 3378 est
866 3317 1117 3401 Mimnermus,
1142 3343 1182 3384 ex
1206 3343 1267 3405 quo

136 3411 330 3496 principalem
352 3416 384 3474 ot
406 3413 557 3494 propriam
576 3415 641 3474 eius
663 3417 789 3492 generis
807 3423 985 3485 seutentiam
1000 3425 1027 3485 io
1051 3427 1174 3486 urredium
1190 3446 1268 3506 pro-

175 3653 219 3714 33)
241 3647 279 3702 lle
297 3650 463 3704 Alemone
486 3650 537 3708 uid.
558 3651 592 3705 ad
612 3650 638 3708 C.
658 3651 684 3719 Ι,
705 3659 753 3719 19,
778 3664 807 3719 1,
833 3658 878 3711 ubi
897 3661 954 3712 eins
972 3661 1049 3731 lrgm.
1070 3671 1108 3719 17,
1126 3661 1216 3726 Schm,
1244 3672 1271 3718 ei

245 3731 279 3783 ad
299 3732 325 3789 C.
347 3734 373 3797 1,
392 3743 442 3799 30,
465 3744 496 3800 1,
515 3736 561 3788 ubi
580 3734 662 3793 eiusd,
684 3737 715 3794 ir.
736 3743 774 3796 19.
794 3756 851 3793 oum
873 3741 935 3800 llor,
953 3746 1077 3799 collatum
1102 3754 1157 3812 est;
1185 3747 1197 3800 Ι
1205 3740 1268 3818 b'y-

243 3830 315 3867 oum
334 3823 421 3872 autem
439 3819 597 3888 probabitur
616 3823 734 3877 imitatus
760 3832 801 3879 est
818 3830 846 3880 iu
865 3827 893 3881 G.
913 3827 937 3892 Ι,
964 3837 1012 3894 25,
1038 3839 1085 3887 11:
1113 3830 1269 3886 Thracio

242 3898 441 3953 bacchante
459 3904 570 3970 magis
589 3911 694 3958 uento
732 3906 836 3968 Quum
856 3911 926 3964 tibi
946 3912 1216 3985 liagrausamor
1236 3923 1270 3970 et

243 3983 359 4038 libido
382 3983 528 4039 Saeviet
545 3989 644 4040 circa
668 3992 784 4059 iecur,
810 3995 856 4048 ubi
877 4002 967 4050 cetera
985 3998 1092 4070 lbyoiae
1110 4004 1269 4055 imitationis

241 4073 359 4140 vestigia
376 4070 491 4123 collecta
507 4076 582 4136 suul;
612 4073 644 4126 dc
662 4073 878 4149 Bacchylide
896 4081 993 4136 dictum
1013 4093 1054 4138 est
1072 4086 1105 4139 ad
1128 4085 1154 4143 ll.
1173 4086 1199 4148 1,
1221 4091 1268 4150 15,

240 4157 296 4212 iuli.

171 4253 219 4320 ut)
237 4252 293 4310 Vid.
313 4251 472 4306 Seruium
491 4250 525 4303 ad
548 4250 620 4324 Virg,
636 4254 688 4316 Eoi.
707 4259 756 4325 Vl,
775 4262 824 4324 ta,
845 4269 870 4314 ct
889 4264 935 4320 uir.
954 4265 1016 4323 lior.
1037 4267 1063 4323 C.
1083 4267 1103 4332 Ι,
1122 4274 1147 4329 3,
1158 4272 1192 4324 29
1209 4282 1267 4336 sqq.

238 4351 295 4387 cum
314 4334 374 4393 iles.
394 4335 459 4406 Opp.
481 4343 531 4391 100
548 4353 615 4407 sqq,
635 4340 661 4396 (i.
682 4340 708 4406 Ι,
728 4346 770 4406 34,
792 4352 824 4398 12
840 4361 881 4416 sq.
902 4363 959 4402 oum
979 4348 1045 4421 0pp.
1064 4357 1080 4410 5
1098 4365 1137 4420 sq.
