2768 4838
543 426 673 506 tlorrn.
703 426 733 519 l,
763 423 823 502 33.
905 429 907 432 ’

220 577 307 637 Lero
326 574 384 636 boc
406 592 441 635 ac
463 573 594 654 lepidum
617 573 813 653 poematium,
843 590 901 652 quo
926 568 1079 632 Albium
1104 572 1257 634 'l'ibnl-

120 679 205 753 lum,
225 677 425 740 dulcissimum
450 674 616 752 elegiarum
640 678 759 756 poetam
781 674 884 749 etsibi
908 672 1116 735 amicissimum
1130 672 1255 757 [Epist.

121 780 146 862 l,
161 778 221 860 4.),
244 779 282 840 de
304 776 429 859 pertidia
450 779 569 840 amatae
592 776 712 859 puellae
736 775 926 863 consolatur,
951 776 1085 857 quoniam
1109 777 1155 837 sio
1179 775 1255 857 pla-

122 883 212 944 citum
235 882 276 941 sit
292 879 405 941 Veneri
427 879 527 940 ludum
549 878 726 941 insolentem
748 877 855 939 ludere
876 878 997 956 amanti,
1018 881 1051 940 ut
1067 879 1255 959 diversissi-

122 985 160 1045 mi
185 984 300 1061 ingenii
330 987 361 1046 ct
390 986 516 1046 naturae
541 981 677 1043 homines
705 984 846 1063 tanquam
879 980 1004 1060 imparia
1033 982 1120 1062 paria
1146 982 1255 1060 „iugo

122 1089 218 1165 cogat
240 1085 385 1165 aeneo“,
415 1086 452 1147 ab
482 1086 551 1165 ipso
574 1083 700 1145 Horatlo
725 1083 878 1146 inventum
910 1101 980 1144 esse
1011 1085 1066 1144 vix
1098 1085 1254 1165 estquod

121 1206 305 1269 moneamus,
327 1205 382 1248 nec
405 1186 561 1269 quisquam
582 1204 674 1248 sanus
699 1186 789 1249 aliter
803 1187 930 1247 statuat.
956 1185 1161 1267 Properemus
1185 1188 1254 1265 igi-

122 1295 170 1353 tur
190 1290 227 1352 ad
251 1289 375 1369 singola
405 1289 443 1350 de
468 1288 587 1352 Graeco
612 1309 648 1352 ao
672 1289 831 1351 demedio
854 1289 968 1369 petita,
998 1288 1177 1369 quaestione
1201 1287 1255 1349 illa

120 1409 263 1454 verumne
290 1410 328 1455 an
356 1391 465 1454 ialsum
489 1390 603 1453 Tibulli
633 1410 762 1454 amorem
792 1391 903 1453 dixerit
936 1372 1003 1452 allis
1034 1388 1143 1451 relicta
1176 1389 1255 1452 talia

123 1494 274 1556 discutere
306 1490 550 1576 cupientibns¹l.
609 1494 706 1557 Nobis
737 1494 914 1573 Glycera
942 1495 990 1554 est
1021 1487 1131 1573 γλυκύς
1161 1489 1254 1575 ἔρως,

121 1601 246 1679 γλυκεῖα
267 1591 369 1673 n'dorp'.
412 1595 491 1657 Vide
513 1595 550 1656 ad
576 1593 611 1658 C.
633 1596 658 1676 l,
683 1595 733 1660 19.

169 1713 172 1718 ·
220 1718 254 1761 v.
280 1696 308 1760 l.
351 1698 482 1762 Immitis
507 1697 673 1781 Glycerae]
697 1698 737 1758 ob
754 1696 893 1778 „laesam
915 1695 1044 1776 lidenr“,
1072 1715 1251 1778 quamquam

121 1800 219 1883 ipsum
233 1800 440 1881 Glycerae
462 1817 569 1861 nomen
589 1820 606 1861 a
628 1800 785 1861 dulcedine
809 1798 915 1859 dictum
941 1818 1005 1861 oum
1020 1799 1174 1861 adiectiro
1191 1799 1252 1859 ad-

122 1903 185 1965 dito
207 1907 299 1982 grato
322 1921 472 1984 oxymoro
494 1906 629 1985 pugnat:
663 1885 773 1983 κικρὸκ
797 1900 980 1984 Γλυκέριον,
998 1886 1146 1987 ¹ut’lr’purg
1170 1903 1252 1983 apud

121 2006 260 2070 Graecos
282 2002 488 2088 γλυκύπικρος
511 2005 603 2067 audit.
645 2003 772 2086 Sappho
797 2002 905 2067 urbo,
923 2004 1033 2067 Solon:
1048 2000 1141 2086 ’Έρος
1160 1999 1254 2082 δηῦιέ

120 2104 186 2190 μ’(ἳ
205 2105 366 2190 λυσιμελῆς
387 2113 479 2188 δοκεῖ,
499 2105 711 2188 Γλυκύπικρον
732 2103 892 2188 α’μάχακοκ
916 2104 1056 2186 ὅρπετον.
1085 2106 1251 2170 ltadnro-

120 2228 184 2274 rem
205 2210 345 2292 Orpheos
369 2229 489 2293 quoqne
510 2212 657 2287 nominat,
688 2206 821 2270 Lobcelr.
844 2209 920 2287 Agl.
943 2210 1038 2283 aare
1064 2210 1125 2273 cir.
1147 2210 1250 2272 Plant.

122 2311 241 2377 ersten.
264 2311 295 2392 r,
317 2311 353 2391 1,
373 2310 426 2373 rr.
454 2312 568 2373 osma.
590 2312 624 2393 r,
652 2311 688 2391 1,
712 2284 767 2372 ol.
803 2311 846 2390 n,
867 2312 903 2391 4,
930 2313 977 2374 1.-
1007 2314 1138 2378 nocent
1169 2304 1250 2398 quoa

121 2413 244 2496 puellae
262 2413 405 2475 amabiles
428 2433 492 2477 com
514 2415 638 2477 oviset
660 2415 807 2476 fructibus
830 2419 1042 2494 comparantur
1065 2421 1252 2482 amatoribus

122 2517 341 2598 decerpendiS,
375 2518 448 2579 vide
481 2519 518 2580 ad
548 2517 585 2582 C.
612 2516 642 2597 1,
669 2514 729 2594 93,
758 2516 807 2579 12.
851 2517 920 2579 coll.
956 2518 1173 2583 llermanoo
1210 2523 1252 2582 ad

121 2616 270 2698 Aeschyl.
291 2617 379 2699 Sept.
405 2617 477 2683 315.
503 2624 535 2685 et
563 2614 728 2682 Horat'C.
751 2618 789 2699 ll,
810 2619 852 2698 5,
874 2620 915 2684 9:
944 2621 1061 2683 Tolle
1090 2623 1250 2705 cupidi-

120 2739 199 2784 nem
233 2720 395 2783 Immitis
433 2742 555 2785 uvac:
599 2726 632 2784 ut
670 2723 825 2804 quaesitus
860 2723 1021 2784 verborum
1057 2725 1142 2787 lusus
1169 2728 1250 2789 satis

121 2829 278 2908 appareat.
330 2825 427 2888 Etiam
449 2845 528 2908 quae
553 2826 631 2888 inira
651 2827 918 2888 commemorantur
946 2827 1063 2888 nomina
1088 2846 1105 2889 e
1127 2828 1249 2893 Graeco

120 2929 246 2990 fluxisse
268 2929 372 3010 patet,
408 2946 496 3010 quum
519 2929 579 2989 sint
601 2932 764 3008 Λυκωρίς,
797 2930 917 3010 Κκῖρος,
944 2926 1064 3008 Φολόη,
1087 2927 1250 3013 Μυρτάλη,

121 3031 197 3091 satis
221 3028 392 3111 frequentia
413 3028 494 3109 apud
515 3031 645 3091 comicos
662 3030 810 3112 Graecos,
826 3035 858 3093 et
882 3032 1021 3094 videntur
1045 3032 1141 3094 omnia
1161 3052 1250 3114 „pro

122 3130 272 3210 exemplis
300 3130 433 3211 posita“
463 3148 518 3192 nec
540 3132 605 3192 sine
628 3138 712 3194 certo
736 3134 863 3196 oonsilio
889 3154 906 3196 a
929 3136 1022 3216 poeta
1046 3133 1145 3197 electa
1165 3152 1250 3214 esse,

121 3234 201 3296 sicut
221 3231 279 3294 hoc
300 3233 367 3312 ipsc
391 3232 420 3292 in
444 3233 560 3294 nominc
582 3236 780 3317 Glycerae
802 3237 968 3317 indicavit,
989 3236 1062 3297 illud
1086 3236 1247 3302 Commen-

122 3340 204 3406 tator
227 3335 322 3419 Gruq.
348 3335 386 3395 de
409 3331 562 3397 Pboloc
593 3328 632 3402 ad
662 3338 699 3402 C.
725 3328 832 3419 11,5‚
866 3337 919 3403 18.
948 3340 1116 3403 adnotavit.
1169 3340 1250 3404 Vide

123 3442 240 3504 omnino
264 3441 343 3504 llxo.
364 3437 402 3500 ll.
425 3440 458 3501 ct
479 3439 517 3500 de
541 3439 648 3522 Cyro
672 3444 713 3505 ci.
737 3443 814 3503 inira
836 3442 875 3503 ad
894 3460 943 3503 vs.
970 3441 1020 3506 14.

222 3564 255 3608 v.
278 3542 311 3607 5.
332 3562 401 3624 sqq.
447 3541 605 3625 Lycorida
631 3545 706 3628 Cyri
730 3553 827 3609 torret
854 3566 952 3625 amor,
979 3545 1135 3627 Cycneia
1157 3568 1250 3633 aspe-

121 3668 191 3711 ram
220 3646 370 3709 Declinat
398 3644 550 3731 Pbolod'rz]
600 3647 652 3710 Ad
680 3648 804 3710 eandem
833 3649 1013 3711 sententiam
1041 3651 1194 3732 pertinent
1219 3651 1250 3713 bi

121 3746 276 3812 bloaobl
298 3765 424 3827 versus,
454 3767 531 3832 quos
561 3749 629 3812 lade
657 3749 841 3812 abaorbino
863 3752 1046 3830 interpretes
1073 3771 1250 3835 comparare

122 3850 301 4015 mepcrppt,
321 3852 483 3934 postquam
503 3850 554 3933 Ι11Ιί
577 3853 700 3932 primum
725 3870 741 3914 a
763 3853 873 3917 Fulvio
894 3853 1004 3917 Ursino
1027 3855 1147 3918 indicatl
1167 3862 1249 3938 sunt,

122 3952 212 4036 lrlyll.
279 3952 391 4014 ‚lnitz

130 4108 331 4123 -ι--ι-ι

175 4239 205 4306 1)
221 4237 252 4292 ln
273 4233 448 4306 Lycoride
471 4232 624 4289 cornelium
644 4233 748 4292 Gallum
767 4240 854 4297 simile
874 4242 977 4315 aliquid
1000 4260 1107 4314 passum
1127 4217 1187 4319 osae
1209 4252 1250 4299 ar-

225 4336 276 4390 que
295 4320 430 4375 Tibullum
448 4321 475 4373 in
490 4317 602 4390 Glycera
623 4320 733 4392 Virgilii
753 4322 922 4382 Solroliastao
942 4327 976 4382 ad
990 4327 1084 4397 senx,
1095 4338 1117 4389 2.
1133 4331 1250 4388 tradunt.
