2768 4838
1219 228 1262 314 ἰι

133 426 196 506 dat,
218 428 252 488 ut
274 427 330 509 lam
355 426 452 513 inians
472 448 491 490 a
511 422 699 510 palumbihus
715 447 822 492 sacrae
838 431 914 495 lauri
930 415 1082 516 myrtique
1101 415 1259 512 frondibus

134 532 291 592 contectus
314 531 378 591 tuto
402 548 420 591 a
439 533 549 594 saevis
570 531 679 594 hestiis
699 531 728 593 in
748 534 1047 621 apertotlormierit,
1070 554 1157 619 quum
1181 536 1258 599 alios
1367 559 1370 563 ’

133 633 275 691 auctores
298 629 435 695 Graecos
467 637 527 696 tum
549 632 686 699 :eundem
718 633 877 725 Pindarum
906 637 1030 697 secutus
1058 633 1139 718 [vid.
1163 637 1259 700 0rell.

133 730 205 792 ibid.
230 733 266 794 ad
290 752 338 793 vs.
357 732 407 797 13
411 733 444 818 )·,
468 737 505 798 ι1
530 738 614 801 cuius
636 735 830 797 imitationem
852 754 887 797 se
909 737 1025 798 omnino
1049 738 1079 799 in
1101 739 1260 803 sublimio·

132 835 216 895 ribus
237 835 416 897 carminibus
438 837 552 900 melicis
572 836 776 917 composuit.
803 836 861 898 Hic
892 853 968 898 vcro
993 836 1031 898 (le
1054 836 1178 901 reorum
1199 859 1259 902 nu-

132 936 209 996 mine
231 955 266 998 ac
288 935 385 998 tutela
406 954 444 999 ne
473 939 599 1000 verbum
623 936 799 1029 quidem,
789 956 846 1007 neu
875 940 1032 1021 quicquam
1063 942 1115 1002 aut
1147 922 1259 1004 abillo

133 1042 185 1100 aut
219 1032 258 1098 cx
273 1037 356 1100 aliis
384 1041 610 1121 exemplaribus
634 1039 764 1103 Graccis
800 1040 955 1104 transtulit
983 1041 1039 1102 nisi
1070 1024 1261 1131 Sapphus

125 1140 267 1219 lucum,
279 1141 308 1205 iu
339 1141 397 1221 quo
424 1143 544 1209 desinit.
595 1122 759 1204 Dissimilis
781 1161 857 1205 vero
880 1145 912 1205 et
932 1127 1046 1222 plane
1042 1141 1169 1224 propriu
1190 1143 1266 1204 llo·

132 1243 210 1304 ratii
226 1245 276 1304 est
296 1243 375 1304 ratio
397 1242 496 1304 huius·
510 1245 658 1307 carminis.
702 1245 778 1307 Nam
802 1264 891 1327 quum
914 1243 1028 1325 Orphei
1051 1244 1204 1324 iahularn,
1225 1246 1262 1306 ut

133 1345 250 1425 opinor
272 1346 325 1406 aut
345 1316 527 1424 Amphionis·
544 1346 602 1430 (Α.
624 1342 659 1408 P.
681 1344 744 1411 391
766 1343 854 1428 sqq.)
873 1350 925 1409 ιιι
946 1346 1038 1424 multa
1059 1346 1119 1408 alia
1144 1345 1197 1408 vel
1220 1363 1262 1406 cx

132 1445 263 1506 Pindaro
291 1444 342 1506 vel
364 1454 406 1505 cx
428 1447 495 1508 aliis
514 1450 690 1511 auctoribus
716 1447 869 1511 recordari
901 1449 1026 1528 posset,
1056 1447 1131 1508 nihil
1159 1465 1262 1509 corum

129 1565 210 1644 quae
239 1546 310 1609 alibi
338 1547 428 1639 fecit
442 1547 492 1612 hic
516 1552 600 1631 iecit,
622 1548 686 1612 sel
699 1553 755 1631 pot
756 1550 802 1611 ius
826 1548 929 1645 quill
920 1566 988 1629 rpse
1013 1548 1051 1610 de
1079 1548 1257 1612 condicione

131 1640 243 1743 poetae
264 1650 384 1711 sentiat
380 1653 538 1733 exprimit
560 1671 673 1734 cosque
698 1653 785 1714 animi
810 1652 857 1727 sui
877 1669 986 1712 sensus
1009 1669 1075 1713 cum
1096 1649 1260 1711 Aristio

131 1746 268 1815 Fusco·
280 1753 374 1821 amico
398 1772 454 1833 suo
477 1756 679 1839 communicat
711 1736 744 1816 et
769 1772 858 1814 suam
886 1754 981 1833 ipsius
1005 1753 1099 1831 vitam
1125 1767 1260 1813 commc-

127 1857 228 1928 morat
252 1858 285 1915 et
304 1857 442 1935 tanquam
464 1854 619 1929 Musarum
644 1836 792 1918 sacerdos
816 1873 852 1923 se
874 1856 972 1934 iprum
994 1852 1081 1934 quasi
1102 1849 1262 1929 exemplar

123 1958 304 2020 sanctitatis
326 1957 470 2036 proponit
492 1953 600 2037 [Prop
620 1956 675 2036 lll,
702 1955 810 2035 1,3.‚)
833 1956 946 2016 omissa
969 1952 1175 2032 exemplorum
1201 1968 1263 2040 ue-¹

132 2063 258 2124 tustate.
292 2057 340 2120 Ac
354 2064 420 2136 pr‘o
442 2070 524 2117 nrore
546 2076 601 2118 suo
622 2058 820 2119 severitatem
842 2058 874 2117 et
897 2056 1085 2135 gravitatem
1107 2072 1171 2114 curn
1194 2032 1262 2114 ioco

131 2166 164 2225 et
184 2162 305 2224 facetiis
324 2156 508 2223 coniunxit.-
526 2159 605 2219 Nam
614 2157 731 2255 spretis
746 2157 846 2221 subito
862 2158 1029 2236 gravitatis
1051 2152 1263 2235 partibusha-

131 2267 231 2357 lagen
240 2284 325 2326 suam
338 2280 374 2324 se
388 2270 507 2358 semper
521 2264 685 2325 curaturum
709 2274 781 2322 esse
800 2259 938 2324 hilariter
958 2258 1145 2349 pronunciat.
1188 2254 1257 2318 lta-

131 2387 191 2450 que
214 2369 243 2428 in
268 2361 449 2445 Sapphus
472 2362 609 2447 poetriae
632 2363 730 2425 locum
753 2361 976 2425 celeberrimum
1001 2360 1153 2437 excurrit,
1176 2336 1264 2441 quem

131 2489 190 2534 non
208 2474 268 2532 tam
286 2484 378 2534 suum
393 2468 471 2537 iecit
493 2486 578 2548 quaro
601 2467 719 2546 citavit,
743 2464 795 2528 vel
818 2454 944 2544 propter
965 2461 1063 2524 fictum
1085 2459 1263 2539 Lalagen

132 2585 255 2652 nomen,
279 2572 317 2633 tle
340 2589 401 2652 (ιιι
423 2569 493 2631 vido
517 2569 594 2642 llxc,
619 2568 657 2629 ll.

131 2700 134 2706 ’
235 2673 328 2737 ιι..1
364 2660 528 2746 integer
557 2665 934 2730 vitaectsceleris
965 2646 1261 2745 purussuntrluo

132 2777 268 2857 genitivi
295 2771 425 2854 poetici
440 2773 473 2831 et
501 2767 698 2859 Graecanici,
732 2766 788 2828 se'd
830 2766 946 2826 diversi
974 2765 1017 2825 illi
1048 2761 1183 2823 dissimili
1206 2779 1261 2823 ra-

133 2883 235 2958 tione,
262 2894 349 2957 quum
370 2870 449 2933 alter
455 2869 645 2950 relationis,
675 2870 753 2930 alter
777 2866 982 2947 separationis
1004 2865 1057 2927 vel
1078 2863 1260 2951 privatipnis

132 2984 193 3045 viro
212 2974 376 3040 habeat:'
366 2990 462 3053 „wer
483 2971 687 3035 ιιιιιιιιιιιιι
680 2991 708 3032 ιι
730 2969 869 3031 llinsicht
896 2970 949 3029 aul
972 2967 1030 3028 den
1046 2964 1179 3029 Wandel
1201 2964 1261 3024 und

132 3071 746 3155 8111110ιὶ3111.1111.11ιιι.111,3.

236 3207 269 3248 v.
291 3181 322 3246 6.
334 3181 581 3262 inhospitalem
606 3170 796 3257 caracenam]
819 3171 917 3235 Itah.
938 3172 960 3233 l.
984 3176 1017 3235 et
1039 3117 1137 3252 lippi.
1159 3163 1261 3249 1,12.

132 3288 296 3379 scripsisse
319 3286 442 3348 videtur
466 3280 679 3362 Aeschylo
695 3281 856 3355 auctore,
869 3276 920 3357 qui
950 3277 979 3337 in
1002 3276 1102 3337 Prcm.
1135 3288 1183 3332 vs.
1205 3265 1259 3332 20.

133 3392 259 3454 cundem
276 3387 444 3452 Caucasum
464 3378 613 3481 appellat
622 3378 838 3475 dada-iptorum
860 3372 973 3458 πάγρι,
995 3376 1025 3437 1.
1051 3392 1080 3434 c.
1103 3370 1260 3451 scopulum

132 3495 208 3572 luug
186 3511 226 3554 e
246 3494 391 3553 remotum
415 3489 470 3549 ah
477 3474 645 3547 hominihus
667 3486 700 3544 et
722 3462 759 3542 ah
785 3480 863 3540 oroni
884 3478 965 3540 cultu
988 3475 1134 3550 humano,
1167 3471 1259 3531 ideo-

133 3614 192 3678 que
217 3590 340 3666 ἄξενοι·
349 3592 416 3651 siv‘e
442 3583 751 3674 inhospitalem,
783 3581 818 3641 ιι
838 3595 933 3657 saepe
954 3573 1146 3655 Euripides
1137 3590 1167 3633 ιι
1165 3568 1258 3652 lph.

135 3696 177 3759 Τ
201 3689 353 3768 94111111
381 3682 649 3770 ε1ςγῆνι1ξιιον,
679 3684 719 3745 ih.
748 3677 829 3744 218.
861 3675 982 3762 ἄξεινον
1012 3672 1128 3739 πόντοι
1156 3671 1261 3746 οἴκοις

134 3802 231 3880 onim,
262 3813 355 3877 porro
378 3811 426 3854 vs.
448 3786 523 3853 253.
543 3784 627 3866 341,
654 3790 686 3849 ct
710 3785 792 3848 alibi.
842 3782 907 3848 Sed
930 3797 1008 3845 cave
1030 3796 1069 3840 ne
1090 3775 1258 3839 lllitschcr-

134 3900 225 3966 lichio
245 3898 372 3978 credas,
392 3893 483 3959 hoc'
473 3910 572 4003 ipsum
594 3888 749 3971 epitheton
769 3882 876 3961 ἄξενος
899 3885 936 3946 ah
957 3880 1116 3960 Aeschylo
1138 3878 1183 3939 illi
1205 3895 1258 3938 re-

135 4002 222 4083 glani
244 4001 392 4063 adiectum
408 4013 491 4059 esse.
492 3995 588 4058 Neu
608 3995 651 4057 lta
672 3993 790 4070 legitur
809 4008 887 4051 nunc
909 3978 1258 4068 apudillun1‚necllu

134 4104 232 4169 ratius
256 4082 369 4185 primus
396 4099 455 4162 hoc
473 4097 600 4161 uerbum
622 4087 887 4175 inhospitalis
907 4087 1066 4165 formauit,
1089 4101 1178 4164 quum
1200 4082 1258 4143 iam

134 4205 236 4277 Varro
259 4201 495 4286 Scytharum
513 4187 803 4286 inhospitalem
832 4190 1071 4255 vastitatem
1103 4182 1170 4267 [ap.
1189 4183 1258 4245 No·
1359 4218 1361 4223 -

135 4309 215 4373 nium
238 4325 265 4370 s.
289 4326 321 4366 ιι.
345 4299 501 4385 Vastltas)
521 4300 769 4378 memoravisset,
800 4297 938 4359 tortasse
954 4289 1116 4354 secundum
1134 4286 1259 4349 eundem
