2768 4838
1133 233 1205 299 rsa
1304 196 1325 271 -s‘

12 451 16 515 ς
64 425 170 505 utique
191 419 260 486 loca
282 421 422 504 ponenda
451 424 501 483 est
530 386 685 483 hedera.
728 419 865 499 Namque
898 418 1020 499 primas.
1038 420 1067 480 ei
1091 420 1193 484 defert

10 560 15 616 Ι
64 526 181 587 Plinius
202 522 299 605 xxi,
325 523 462 608 9[28t,
490 524 524 607 §-
547 522 622 586 522
647 523 740 585 Folio
767 525 802 583 ia
831 525 1061 583 coronamentis·
1082 526 1191 585 smila-

10 764 13 823 l

10 662 12 675 =
64 633 108 691 cis
138 638 169 691 et
197 629 334 691 hederae
361 630 562 711 corymbique.
582 649 694 690 caram
720 626 857 687 obtinent
879 626 1100 706 principatum.
1151 625 1192 689 Et

65 733 160 813 primo
182 733 262 793 inter
282 727 421 811 φυλλώδη
443 726 685 813 στεφανώματα,
715 728 807 790 terlio
835 728 906 806 post
930 725 1029 786 violas
1050 728 1082 787 θῖ
1099 745 1188 790 rosas

64 834 133 897 loco
156 834 310 896 Nicander
332 851 451 914 quoque
474 834 553 915 apud
568 832 680 896 Athen.
701 827 771 892 XV.
793 847 825 908 p.
844 825 909 890 683
932 845 957 888 c.
976 822 1083 891 κισσὸν
1104 830 1191 909 ponit

65 932 243 1016 κροκόωντα
264 931 454 1015 κορύμβοις,
484 933 543 998 hoc
563 940 631 1014 est,
658 933 801 995 hederam
825 931 943 992 croceis
966 930 1119 1009 corymbis
1140 931 1190 993 in-

65 1040 196 1116 signem.
241 1037 273 1100 ld
296 1056 333 1098 ne
358 1038 438 1099 torte
460 1039 596 1116 mireris,
617 1036 812 1117 cogitandum
833 1037 883 1097 est
904 1034 1026 1114 primunr
1051 1031 1191 1095 hederam

65 1138 186 1202 Baccho
209 1141 306 1201 luisse
327 1158 462 1220 sacram,
485 1139 593 1202 deinde
613 1143 709 1221 ipsam
727 1137 887 1215 hederam,
910 1154 970 1216 qua
992 1135 1110 1216 quidem
1131 1155 1192 1198 re-

64 1246 149 1305 teres
173 1243 210 1304 ad
234 1243 366 1304 corollas
388 1244 561 1321 urerentur,
583 1241 677 1318 longe
700 1241 786 1302 aliam
809 1239 905 1300 luisse
925 1257 961 1300 ac
982 1240 1069 1300 nohis
1091 1239 1190 1319 vulgo

65 1345 232 1422 cognitam.
276 1344 333 1406 list
360 1346 460 1406 autem
488 1342 564 1405 haec
594 1343 750 1404 coronaria
771 1344 864 1423 atque
887 1339 1035 1407 Bacchica
1058 1342 1109 1404 illa
1130 1344 1190 1406 he-

65 1445 157 1524 dera,
180 1464 241 1527 qua
263 1445 352 1506 etiarn
379 1444 505 1524 ,doctae
529 1443 665 1506 frontes‘
688 1444 926 1522 coronabantur,
951 1462 1008 1505 una
1022 1445 1191 1530 eademque

63 1549 186 1629 species
207 1548 342 1609 eiusdem
365 1549 491 1626 generis
514 1545 566 1606 vel
591 1547 693 1625 polius
714 1546 761 1628 (ul
781 1564 857 1608 nunc
872 1547 1042 1607 accuratius
1058 1547 1193 1629 loquun-

64 1651 113 1710 tur
133 1649 281 1728 hotanici)
310 1667 368 1711 una
398 1650 563 1728 eademque
592 1649 729 1710 varietas
762 1648 893 1709 eiusdem
915 1648 1050 1728 speclei,
1077 1649 1191 1717 hedera

63 1751 115 1814 illa
144 1753 262 1814 croceis
291 1751 444 1830 corymbis
473 1751 615 1827 insignis.
673 1748 841 1811 Audiamus
867 1750 992 1811 Plinium
1021 1751 1115 1834 XVI,
1150 1754 1194 1819 34

62 1852 148 1935 (62),
180 1852 215 1937 §-
242 1851 304 1915 145
327 1870 433 1934 sequ:
470 1852 598 1936 Species
627 1854 737 1915 horam
763 1850 914 1934 gamaram
934 1849 1081 1926 (hederae
1102 1860 1193 1920 marie

63 1961 155 2039 atque
178 1950 324 2036 feminae]
345 1962 427 2028 lr·es;
450 1964 498 2016 est
525 1959 608 2018 onim
624 1956 766 2041 „candida
792 1963 848 2016 aar
869 1957 963 2037 aigro
985 1956 1102 2021 hedera
1124 1969 1192 2022 ter-

62 2062 168 2140 tiaque
195 2079 276 2140 quoe
298 2066 428 2121 vocatur
448 2059 543 2121 ltalia.
586 2060 770 2121 Etiamnum
790 2058 852 2120 hoa
872 2060 992 2140 species
1012 2046 1195 2129 dividantur

61 2166 95 2224 ia
125 2164 224 2241 olias,
251 2165 397 2244 quoniam
416 2171 465 2224 est
485 2164 594 2244 aliqua
611 2165 722 2246 fracta
743 2169 865 2243 tantam
888 2162 1044 2243 candida,
1077 2169 1143 2230 alia
1164 2178 1197 2232 et

58 2266 157 2348 folio,
188 2266 331 2347 fractam
361 2286 481 2348 qaoque
510 2265 679 2327 candidam
705 2265 877 2346 ferentium
899 2263 971 2323 aliis
995 2267 1111 2331 densus
1128 2276 1193 2334 aci-
1263 2314 1271 2322 ,

61 2387 122 2428 aas
151 2377 184 2427 et
204 2369 374 2450 grandior,
409 2370 596 2429 racemis'ia
622 2367 727 2428 orbem
747 2367 941 2428 circumactis
968 2370 1024 2449 qai
1042 2381 1194 2435 aocaatar

62 2472 214 2552 corymbi,
249 2472 323 2532 iiam
353 2470 531 2531 selenitiam
554 2472 648 2531 caiae
678 2464 751 2551 (cnr.
781 2466 894 2546 Silllg:
925 2465 1098 2534 Silenicam
1125 2474 1192 2557 cai)

61 2581 111 2634 est
129 2575 229 2633 minor
252 2575 381 2650 amaus,
403 2575 543 2661 sparsior
561 2591 717 2633 racemus.
762 2568 866 2633 Simili
885 2573 976 2633 modo
997 2577 1031 2635 ia
1051 2579 1192 2658 nigro5

61 2676 158 2735 olisai
178 2682 212 2735 et
237 2694 344 2734 semea
364 2675 509 2754 nigrum,
537 2672 594 2732 alii
619 2680 843 2749 cascaram,
881 2675 997 2735 errius
1029 2681 1193 2738 aaronis
1309 2728 1315 2745 ,

55 2783 210 2861 poetae
241 2782 429 2852 utuntur,
459 2774 582 2856 foliis
615 2775 746 2835 minus
774 2775 926 2854 nigris,
952 2774 1074 2857 'qaam
1106 2782 1194 2860 qui·

61 2881 150 2941 dam
182 2876 367 2962 Nysiam,
402 2877 480 2956 aiii
510 2876 758 2937 Bacchicam
787 2886 952 2955 vocarat,
993 2885 1194 2942 maaamis

61 2985 173 3043 inter
200 2983 343 3063 nigras
374 2976 577 3060 corymbis.
629 2976 766 3054 Quidam
795 2979 884 3061 apud
915 2980 1052 3044 Graecos
1081 2987 1191 3067 etiam-

60 3105 137 3146 num
161 3084 222 3145 duo
252 3068 372 3164 genera
401 3083 494 3145 haias
517 3083 646 3163 faciant
671 3103 692 3143 a
721 3081 822 3143 colore
843 3084 1021 3164 acinorum,
1048 3086 1191 3166 erythro-

10 3184 18 3193 ’
61 3195 192 3249 namet
216 3180 605 3268 chrysocarpam⁵²t
659 3184 708 3244 ldx
735 3182 783 3244 his
805 3185 881 3244 eninr
912 3185 1108 3263 intelligimus
1132 3186 1190 3252 hue

95 3478 492 3549 5alhddelliosc.ll‚210.:
517 3478 647 3536 Krooie
665 3507 721 3534 -.
738 3513 769 3531 ·.
792 3475 866 3530 aidi
885 3475 1145 3546 χρυσόκαρποθ,
1164 3486 1196 3539 oi

166 3563 194 3619 dl
212 3560 361 3631 ποιητική,
386 3559 416 3614 oi
439 3561 467 3615 di
488 3561 688 3634 κορθμβὴθρα,
712 3556 820 3614 ἰδιῶται
846 3559 964 3626 Nicaea,
991 3559 1020 3616 oi
1042 3560 1072 3618 di
1090 3569 1192 3622 Aravi-

161 3669 281 3703 σιον...
306 3675 332 3685 -
353 3645 457 3701 aalide
480 3647 532 3713 ἔχει
551 3643 685 3717 διαφοράς
704 3644 755 3705 sois
772 3642 838 3698 κατ’
856 3642 941 3712 eidos,
966 3646 1016 3704 acic
1032 3645 1061 3701 dl
1079 3670 1192 3719 ysaram-

166 3732 254 3791 airas
270 3731 355 3799 casir·
375 3730 482 3800 λέγεται
501 3731 553 3804 yria
571 3729 588 3787 θ’
602 3731 655 3800 μέν
673 3750 715 3787 ror
731 3727 839 3792 isauria,
856 3726 918 3785 idi
933 3730 1032 3797 aiios,
1053 3730 1108 3788 idi
1121 3734 1190 3802 ἕλιξ·

166 3817 181 3874 ὅ
198 3819 250 3887 μὲν
268 3809 317 3871 οὖν
334 3815 426 3873 truria
445 3816 521 3886 φέρει
545 3817 594 3872 riv
612 3816 721 3887 καρπδν
737 3812 849 3873 isoardo,
872 3811 886 3867 o‘
907 3811 934 3867 dt
951 3815 1035 3884 μέλας
1050 3821 1157 3887 μέλανα
1175 3821 1194 3893 ἢ

165 3902 402 3973 raciliam,
426 3895 464 3955 iv
483 3900 521 3970 δή
540 3909 601 3958 καῖ
617 3898 766 3956 ἰδιῶται
783 3896 978 3955 Araricror
997 3905 1191 3965 rotarioro·

165 3985 180 4042 o‘
204 3983 233 4041 dd
260 3985 317 4050 ἕλιξ
339 3983 463 4055 insanis
488 3989 518 4040 ri
546 3986 605 4043 dora
629 3993 676 4041 arri
701 3983 789 4041 isaei
815 3985 866 4052 ἔχει
888 3985 923 4039 rui
947 3986 1074 4057 κλήματα
1093 4001 1140 4048 καὶ
1159 3998 1195 4049 roi

166 4071 254 4143 φύλλα
277 4068 379 4139 μικραί,
403 4068 527 4140 γωνιώδη
553 4077 600 4125 aral
621 4067 755 4141 cicadas.
783 4071 829 4125 uhl
855 4072 1028 4143 Sprengel
1052 4074 1084 4128 T.
1110 4077 1143 4133 ll.
1168 4100 1193 4152 p,

163 4162 240 4214 486.;
261 4156 513 4225 „Tres-generiem
534 4155 702 4217 differentias
718 4154 836 4210 hederae
850 4156 881 4210 D.
900 4165 1048 4225 enumerat,
1066 4178 1135 4232 quas
1153 4173 1194 4223 tor

165 4244 311 4297 varietates
330 4245 408 4295 unius
427 4242 528 4312 cpcolei
548 4245 623 4294 sunt:
645 4238 776 4306 albarii,
804 4256 874 4310 quae
893 4249 919 4296 et
937 4242 1047 4297 maculis
1068 4246 1193 4306 loliorum

166 4335 193 4382 et
218 4326 349 4381 fructibus
374 4327 460 4393 albis,
490 4329 644 4395 nigram,
674 4339 743 4396 quse
768 4325 899 4380 lructlhas
918 4329 1021 4381 croceis
1040 4335 1086 4384 aut
1107 4337 1194 4406 nigri-

966 4413 1006 4477 15
