2768 4838
1197 259 1257 324 181

129 446 238 520 πότοις
265 443 406 528 ἡγητέον·
451 445 635 512 tenaciter
664 451 712 525 δὲ,
752 439 902 523 rovorando
929 444 1004 511 ὄντα
1031 449 1177 529 κεφαλῆς,
1207 451 1259 510 καὶ

129 545 457 643 &anquatenus-reci
478 550 618 625 ἅπαντας
640 536 713 624 tour
733 552 847 632 καροῦν
868 550 1055 631 δυναμένους
1077 547 1095 627 ἢ
1114 544 1258 630 βαρύνειν
1305 552 1309 559 '

130 649 228 724 ἄλλως
255 644 625 734 κεφαῖἤιὶΐπεριαιατὲον.
681 654 802 736 Quanta
822 655 921 714 autern
943 657 1008 715 arte
1030 671 1066 713 ac
1088 669 1184 733 prope
1208 651 1257 714 di-

127 772 196 815 cam
220 758 331 836 quanta
350 753 466 832 ratione
487 757 633 836 pingendi
654 757 757 817 borum
778 756 905 817 omnium
923 755 1103 818 varietatem
1124 756 1256 818 miscue-

127 856 188 917 rint
211 854 331 934 Graeci,
352 858 442 919 testis
465 853 737 938 estPllniusXXl,
754 857 786 937 2,
802 856 842 922 3:
872 858 998 919 Variam
1017 865 1158 940 comatum
1177 861 1257 920 mia-

128 967 200 1020 dnra
222 960 404 1020 uersicolori·
415 958 546 1041 florum,
569 966 800 1046 quaeinuicem
821 959 931 1021 odores
951 961 1128 1042 coloresque
1149 980 1259 1023 accen-

130 1062 227 1122 derer.
269 1061 335 1145 Quo
358 1063 387 1122 in
410 1078 527 1140 genere
549 1066 773 1128 celeberrimum
789 1062 886 1126 fuisse
901 1061 1000 1122 refert
1022 1060 1156 1142 Sicyone
1170 1060 1258 1122 Pau-

127 1166 196 1225 siae
213 1167 342 1244 pictoris
370 1172 464 1245 atque
492 1166 645 1246 Glycerae
667 1168 851 1229 coronariae
871 1153 1004 1226 dilectae
1024 1163 1192 1226 admodum
1214 1163 1261 1223 illi

127 1273 285 1325 certamen
307 1269 385 1326 artis
404 1287 442 1328 ac
464 1276 610 1331 naturae.
658 1270 703 1331 At
726 1269 763 1329 dc
779 1267 921 1329 Romanis
942 1265 1019 1326 idem
1037 1265 1151 1327 Plinius
1168 1261 1257 1344 XXI,

127 1365 166 1447 4,
191 1364 248 1429 10:
280 1367 478 1430 Pauciasimu
505 1375 606 1434 nostri
611 1433 614 1439 ,
632 1374 752 1455 'genera
780 1376 1068 1432 coronamentorum
1089 1370 1172 1428 inter
1187 1367 1258 1428 bor-

127 1473 229 1531 teneic
249 1489 364 1529 nouere
383 1490 422 1530 ac
437 1492 544 1552 paene
566 1476 666 1535 uiolas
687 1494 838 1555 rosaeque
857 1480 990 1533 tantum.
1023 1470 1140 1550 Nempe
1163 1468 1257 1532 mutto

130 1571 355 1633 fastidiosiores
377 1571 506 1633 Romani
530 1592 572 1635 ex
602 1579 732 1658 utroque
758 1590 875 1653 genere
899 1575 1174 1665 coronamentorum
1197 1588 1258 1632 non

129 1673 189 1735 alia
219 1673 284 1733 i'cre
313 1674 371 1732 nisi
402 1676 640 1754 exquisitissima
674 1677 888 1755 admittebant,
927 1692 1015 1736 rosas
1050 1674 1112 1735 lilia
1141 1673 1254 1754 violas,

127 1776 255 1853 myrtum
276 1758 416 1836 hederam
440 1775 610 1859 apium²²)‚
634 1797 713 1862 qnae
738 1779 855 1860 quidem
880 1778 948 1839 sota
971 1776 1115 1838 Horatius
1135 1776 1255 1855 cecinit,

127 1880 156 1939 in
181 1879 241 1956 apii
265 1877 388 1940 corollis
419 1878 628 1961 celebrandis,
659 1884 693 1943 ut
720 1880 859 1959 videtur,
888 1875 1091 1941 tantummodo
1116 1874 1254 1937 Graecos

126 1984 236 2061 poetas
258 1983 392 2041 secutus.
436 1981 602 2045 Praeterea
624 1986 773 2045 sertorum
788 1981 941 2047 adversus
962 1979 1138 2041 ebrietatem
1151 1994 1254 2038 reme-

129 2082 206 2143 dium
229 2078 339 2140 nntium
367 2083 521 2146 admodum
546 2105 617 2148 esse
641 2089 786 2168 putantes
808 2082 903 2144 solam
924 2082 977 2144 vel
999 2079 1180 2142 bilaritatem
1203 2079 1256 2141 vel

126 2185 317 2263 voluptatem
346 2184 412 2244 eius
441 2188 485 2247 rei
516 2189 615 2251 secuti
647 2181 856 2269 videntrr²³).
909 2184 1189 2267 Luxuriamutem,
1220 2185 1255 2244 ut

130 2286 364 2346 demonstratum
388 2291 455 2368 est,
486 2304 558 2352 mox
581 2309 618 2353 eo
638 2291 809 2371 processit,
836 2291 870 2348 nt
886 2300 930 2348 ‘ne
953 2288 1032 2347 rosis
1054 2286 1171 2367 quidem
1194 2284 1255 2347 ulla

127 2389 229 2467 gratia
254 2390 340 2448 esset
357 2390 414 2450 nisi
436 2391 625 2471 ,sutilibus‘,
648 2409 683 2454 ac
699 2390 806 2452 deinde
828 2392 862 2451 ut
885 2388 1098 2469 ,lautissimum
1119 2386 1253 2449 babere-

125 2497 174 2555 tur
196 2491 319 2552 enardi
341 2490 415 2552 folio
437 2512 565 2557 coronas
590 2493 654 2556 dari
679 2496 732 2554 aut
755 2497 845 2555 veste
867 2491 974 2556 Serica
996 2490 1179 2553 versicolori
1193 2507 1251 2551 un-

126 2595 250 2673 guentis
273 2593 419 2655 madida‘r

227 2696 292 2756 Jam
316 2711 394 2755 vero
417 2694 445 2753 si
467 2693 505 2753 de
527 2694 718 2770 singulorum
742 2693 906 2754 virtutibus
932 2694 1120 2774 quaerimus,
1146 2692 1251 2768 elige-

124 2801 233 2861 bantur
256 2796 375 2866 omnino
397 2798 612 2855 coronamenta
635 2813 691 2872 ea,
720 2796 750 2854 iu
781 2793 891 2874 quibus
919 2797 972 2854 aut
1001 2794 1128 2857 amabile
1152 2795 1253 2870 frigus

125 2902 178 2963 aut
199 2897 305 2958 suavis
331 2895 406 2957 odor
427 2897 479 2956 aut
499 2894 585 2956 color
609 2895 753 2957 iucundus
776 2880 955 2956 delectaret.
1001 2894 1046 2956 Ac
1069 2893 1254 2975 quambene

124 3001 217 3064 multa
242 2998 356 3074 essent,
379 3015 459 3079 quae
480 2995 528 3058 bis
553 2998 690 3058 cornibus
712 2998 878 3059 rationibus
903 2998 1084 3060 satisfacere
1106 2996 1252 3077 videren-

125 3110 191 3183 tur,
230 3102 259 3160 in
287 3097 326 3158 iis
353 3099 430 3179 ipsis
460 3101 557 3160 tamen
587 3118 663 3181 quae
691 3101 818 3162 maxime
850 3098 1013 3179 placebant
1048 3097 1252 3179 ,quorundam

123 3207 180 3266 bos
201 3205 313 3265 tantum
335 3201 499 3281 iucundus,
521 3202 657 3283 reliquae
678 3205 785 3281 partes
808 3205 943 3282 ignavae
967 3203 1069 3281 crant,
1092 3204 1125 3262 ut
1147 3200 1250 3261 violae

116 3326 160 3370 ac
181 3302 290 3367 rosae‘
311 3298 405 3383 (Ptin.
428 3301 627 3384 ν.,7,18.’),
661 3322 750 3386 quum
775 3307 892 3384 myrtus
918 3304 1022 3366 laurus
1049 3305 1134 3366 casia
1156 3305 1253 3384 apium

123 3474 328 3489 --———·-·

97 3626 100 3629 Δ
157 3565 208 3634 22)
227 3560 335 3616 Becker·
350 3560 419 3616 Gaii.
441 3562 488 3628 ΙΙΙ,
507 3567 574 3621 247:
603 3563 677 3629 „Bei
700 3563 751 3617 den
769 3561 901 3618 Griechen
919 3563 1031 3617 wurden
1049 3563 1254 3634 mannigiattige

227 3647 337 3700 Blumen
356 3662 388 3699 zu
409 3645 533 3700 Krenzen
549 3647 698 3718 gemunden
708 3674 718 3712 ‚·
742 3647 784 3700 die
809 3665 866 3702 zum
887 3647 983 3702 Tbeile
1007 3663 1061 3716 von
1082 3646 1255 3718 Theophrast

226 3730 281 3784 und
297 3728 450 3784 noirenaeus
470 3737 590 3800 genennt
608 3730 723 3787 werden.
751 3731 855 3787 Anders
873 3748 931 3786 war
949 3748 978 3788 es
997 3732 1041 3786 bei
1060 3731 1111 3785 den
1129 3730 1253 3796 Rbmern¹

227 3813 328 3869 welche
352 3828 447 3867 ausser
465 3813 524 3867 dem
543 3812 617 3869 Grinr
637 3814 685 3868 der
699 3812 803 3868 nostor
821 3815 982 3870 ramentiicb
1003 3832 1057 3871 von
1075 3813 1184 3885 preu,
1204 3817 1253 3876 dor

224 3897 330 3967 Myrte,
359 3897 417 3952 dem
435 3898 532 3968 utpium
556 3915 607 3954 nur
630 3901 735 3968 wenige
753 3896 962 3955 Gertenblumen
978 3899 1031 3954 und
1049 3899 1253 3970 hauptsdcldicb

226 3980 354 4038 Veilcben
373 3982 426 4036 und
445 3981 535 4063 Roserr
553 4001 588 4039 zu
602 3982 728 4038 Krdnzen
746 3983 964 4067 gebrauchteu“

155 4078 322 4151 23)ΒααΙΙαΙ
341 4076 411 4136 Gali.
430 4078 478 4146 ΙΙΙ,
496 4053 564 4137 251⁶?
583 4080 759 4150 „Uebrigens
773 4058 880 4136 sobrini
898 4095 959 4135 man
980 4085 1008 4136 in
1022 4082 1088 4138 Rom
1107 4098 1159 4138 vnn
1173 4081 1254 4151 jeder

227 4163 403 4219 didtetiscben
419 4164 578 4238 Bedeutnng
602 4167 651 4221 der
669 4163 794 4222 Krbnze
791 4163 957 4236 abgeseben
986 4167 1039 4219 und
1059 4169 1099 4218 sie
1118 4164 1193 4218 bioss
1212 4166 1254 4220 ele

224 4248 345 4303 beiteren
363 4248 508 4317 Sohund,
534 4252 575 4305 ais
593 4247 705 4319 symbol
729 4247 777 4301 der
795 4245 987 4314 Feetlicbkeit‚
1013 4247 1061 4303 der
1079 4245 1183 4304 Frende
1201 4250 1255 4304 und

225 4329 272 4384 des
291 4327 425 4386 Gcnmses
442 4327 598 4386 benachtet
611 4346 645 4386 za
660 4328 783 4388 beaw
837 4376 841 4381 .
