2768 4838
1169 294 1212 360 31

82 483 156 548 Item
178 483 276 545 Bion
298 484 327 562 ip
350 482 550 566 Epithalamio
574 482 704 550 Aciriiiis
724 489 757 548 et
779 482 1129 564 Deidamiae‚-1u.v11‚
1154 482 1213 546 10:

118 585 262 666 ’Ἀρπασε
282 581 338 649 τάν
358 587 483 649 Ἑλέναν
505 584 585 650 πόθ’
608 585 625 652 ὁ
647 583 794 667 βωκόλος,
815 583 870 670 ἆγε
889 586 964 662 δ’ἔς
988 583 1091 664 Ἴδαν,

127 684 247 776 Οἰνώνη
275 682 370 750 κακὸν
394 685 502 769 ἄλγος·
526 686 668 771 ἐχώσατο
691 689 724 752 δ’
747 686 766 751 οἱ
788 692 1006 770 Λακεδαίμων,
1031 696 1038 723 ²

128 787 239 851 Πάντα
259 791 294 852 δὲ
315 781 390 851 λαὸν
414 786 533 871 ἄγειρεν
554 787 713 872 Ἀχαϊκόν,
735 789 808 857 ου’δὲ
830 815 877 864 τις
892 789 1001 869 Ἕλλην

129 885 210 954 Ob'ra
230 893 430 968 Μυκηναίων,
456 890 519 957 οὔτ’
534 891 676 969 Ἤλιδος,
699 890 769 957 ου’ἷτε
793 888 955 957 Λακώνων
1014 924 1026 971 .'.·

126 995 244 1055 Μεῖνον
264 987 315 1055 ido
336 989 414 1056 κατα
437 998 544 1076 δῶμα·
557 998 659 1079 φέρων
684 1000 785 1074 τίσιν,
805 989 893 1058 αἶνὸν
908 990 1022 1075 Ἄρηα.

126 1088 319 1157 Antoniana
340 1094 412 1160 δ’ἐκ
439 1094 553 1180 κώραις
573 1103 776 1180 Αυκομηδίοι
802 1099 918 1179 μοῦνος
937 1082 1109 1177 Ἀχιλλεύς·

18 1208 23 1215 “
124 1193 219 1278 Εἴρκα
240 1199 258 1259 δ
264 1192 274 1219 '
295 1192 376 1260 ἄνθ’
397 1195 500 1261 ὅπλων
523 1197 717 1278 ἐδυδυῖσκετο,
741 1204 793 1264 καὶ
814 1205 883 1283 χερὶ
901 1201 994 1283 λευκᾷ

125 1293 326 1379 Παρθενικὸν
350 1296 448 1364 κόπον
470 1294 588 1382 εἷχενῙ)
617 1303 758 1384 ἐφαίνετο
782 1299 894 1379 δ’ἤΰτε
913 1296 999 1381 κώρα
1019 1307 1083 1364 κτλ.

81 1396 169 1482 Quod
184 1401 431 1481 totumidyiiium
453 1420 543 1485 quum
563 1423 708 1486 perquam
724 1406 854 1484 elegans
871 1405 912 1466 sit
927 1406 959 1464 et
973 1405 1056 1464 certe
1068 1402 1212 1466 Romanis
1263 1380 1269 1387 ¹

80 1501 265 1563 notissimum
297 1505 389 1567 inerit
411 1509 444 1568 et
462 1514 541 1569 ‘vero
565 1507 805 1571 Horatioetiam
834 1509 864 1568 in
889 1505 1038 1586 principio
1064 1502 1164 1568 Oarm.
1187 1504 1210 1584 i,

82 1600 134 1663 15.
160 1605 356 1670 obversatum
389 1625 460 1670 esse
484 1610 641 1701 videatur,
672 1613 758 1671 recte
790 1629 812 1679 a,
835 1610 1045 1685 Wagnero
1077 1625 1143 1668 curu
1174 1625 1211 1669 eo

81 1705 222 1768 collatum
245 1710 309 1787 est‚·
329 1727 457 1792 eumque
475 1714 662 1774 recentiores
672 1712 861 1790 iuterpretes
877 1709 979 1771 secuti
994 1712 1072 1769 sunt.
1096 1708 1212 1791 Quam-

83 1811 218 1888 quamsi
236 1812 302 1891 quis
320 1812 397 1873 velit
417 1832 574 1893 pugnare,
598 1816 626 1875 in
650 1801 684 1875 re
704 1819 764 1875 tam
788 1811 934 1875 oommrmi
957 1827 1014 1870 non
1034 1808 1111 1871 iicet
1133 1828 1209 1870 con·
1292 1852 1298 1865 .

81 1909 208 1972 tendere
228 1913 420 1997 imitationem
444 1928 516 1975 esse
538 1917 659 1979 iactam.
702 1915 787 1999 Quod
812 1915 908 1975 autem
932 1911 1077 1971 Horatius
1100 1908 1211 1972 Acbii-

78 2011 138 2073 lem
159 2016 333 2077 marinae
355 2015 488 2076 filium
510 2017 696 2081 Thetidis
717 2017 806 2093 dixit,
829 2016 857 2074 in
878 2031 915 2074 eo
938 2012 1209 2092 fortasseiiuripi-

80 2113 147 2173 dem
170 2131 262 2175 suum·
276 2120 402 2179 secutus
425 2122 483 2197 est,
507 2119 625 2203 qui-ita
647 2119 782 2198 saepius,
805 2113 903 2177 Andr.
923 2111 1096 2186 108επαῖς
1120 2110 1208 2189 ἁλίας
1259 2182 1264 2193 ,

80 2215 224 2295 Θέτιδος,
244 2217 310 2298 ipb.
330 2216 373 2279 A.
394 2216 479 2283 836:
509 2214 635 2294 ὦθυᾶς
658 2231 728 2284 καῖ·
740 2223 870 2291 ποντίας
892 2219 1067 2299 Νηρηίδος,
1088 2216 1169 2278 alibi.
1230 2210 1274 2267 ··’

181 2338 215 2379 v·
250 2320 288 2385 14
317 2339 365 2404 sq.
409 2323 467 2384 sub
491 2323 657 2386 lacrimoso
684 2320 797 2384 uotae
824 2313 969 2400 Funera]
1013 2319 1081 2382 Ηοο
1110 2339 1211 2398 genus

79 2418 197 2481 dicendi
226 2421 265 2483 ad
297 2425 468 2505 exerupium
497 2425 649 2490 iionrerici
677 2426 816 2503 πολέμου
846 2416 1123 2501 δακρυόεντος
1152 2441 1210 2484 ⁸¹¹⁰

78 2538 162 2582 more
184 2527 371 2606 composuit,
401 2547 489 2610 quum
513 2528 669 2610 epitheton
692 2525 833 2603 retinuit,
858 2521 969 2585 beilum
1001 2523 1210 2585 funeribus

78 2625 217 2703 mutavit,
240 2628 347 2705 quibua
371 2630 423 2691 vei
448 2630 560 2692 caedes
581 2633 768 2710 stragesque
788 2643 845 2706 per
867 2625 964 2704 ipsum
986 2624 1096 2685 beilum
1111 2627 1210 2690 editas

78 2723 337 2810 (c.1,15‚1o)‚
358 2730 410 2792 vei
429 2731 598 2793 luctuosum
622 2732 716 2792 totius
736 2728 907 2792 certaminis
928 2727 1042 2787 exitum
1066 2728 1209 2809 urbisque

69 2828 227 2889 excidium
250 2828 305 2909 (0.
328 2831 352 2912 i,
376 2828 429 2912 37,
451 2830 489 2914 8)
511 2832 712 2911 signiticaret·
763 2830 884 2890 Homeri
916 2827 1085 2908 exemplum
1114 2830 1208 2909 priori

78 2929 280 3010 explicationi
303 2935 403 3012 uragis
426 2935 522 2996 iavet.

181 3052 212 3094 v.
237 3032 277 3096 15
300 3053 347 3117 sq.
390 3057 431 3098 ne
463 3036 561 3098 uiriles
588 3033 699 3096 θαὶιαυ
723 3037 758 3095 in
788 3033 917 3095 caedem
946 3042 978 3095 et
1000 3031 1118 3114 Lycios
1133 3057 1210 3117 pro·
1264 3004 1367 3151 Q

76 3136 194 3216 reperet
214 3136 371 3220 cateruas]
404 3137 472 3233 lino
492 3139 596 3200 iacere
616 3154 674 3198 non
696 3136 803 3197 iniuria
825 3135 949 3198 videtur
971 3136 1211 3201 Mitsoberiicbio

76 3236 163 3299 iocus
185 3239 351 3302 Pindari
376 3241 461 3302 Nem.
474 3240 527 3316 111,
548 3239 602 3302 57.
618 3239 666 3318 B„
691 3238 741 3299 ubi
765 3236 913 3318 Achilleo,
934 3241 1107 3322 priusquam
1128 3243 1207 3323 apud

77 3342 280 3423 Lycomedem
303 3341 440 3424 delituit,
464 3363 482 3406 a
508 3342 641 3407 Chirone
666 3339 820 3405 Centauro
844 3340 882 3401 ad
903 3357 955 3401 res
980 3361 1107 3421 magnas
1129 3346 1208 3406 edu-

77 3448 165 3509 catus
196 3465 267 3509 esse
296 3447 421 3526 dicitur,
448 3442 673 3525 utaliquando
702 3442 791 3503 etiam
816 3441 968 3502 bustarum
992 3462 1114 3523 pugnas
1135 3464 1208 3505 sus·

77 3548 205 3610 timeret:
227 3545 311 3630 ὅφρα
330 3583 372 3591 -
396 3550 553 3629 πεμφθεὶς
575 3538 636 3604 rino
658 3547 776 3620 Τροΐαν
795 3544 1041 3622 δορίκτυπον
1065 3540 1213 3608 uiuida

78 3652 240 3712 Auximo
269 3669 302 3708 το
331 3649 562 3726 κροςμέυοι
590 3646 642 3705 καὶ
667 3646 801 3724 Φρυγῶν
830 3644 1001 3724 Δαρδανῶν
1024 3664 1065 3707 τε.
1115 3646 1229 3731 Quam'

79 3750 259 3813 sententiam
287 3748 414 3810 Horatio
447 3747 643 3813 obversatam
674 3763 745 3807 esse
769 3745 797 3807 si
825 3746 910 3806 recte
936 3745 989 3806 tibi
1008 3751 1212 3832 persuaseris,

1348 3116 1365 3153 t

1275 3296 1290 3327 .
1349 3212 1367 3329 ὁ

1339 3354 1367 3417 ιτ

1281 3418 1302 3459 4

76 3851 261 3935 inprobabis
285 3847 520 3928 explicationem
536 3849 739 3911 0reiiianam=
762 3848 819 3927 „in
840 3846 974 3928 caedem,
998 3867 1085 3931 quam
1107 3851 1211 3917 iaetu·
1274 3906 1286 3923 ,
1351 3830 1364 3899 3·

77 3973 131 4018 rae
156 3957 227 4016 runt
249 3953 366 4033 byciae
389 3951 580 4015 catervae.“
622 3951 690 4012 viu.
715 3951 791 4014 iixc.
813 3948 869 4011 lv.
894 3950 1038 4031 Appenni.

85 4071 289 4083 ——ae—

132 4122 162 4192 1)
172 4125 197 4190 j.
223 4137 246 4176 e.
265 4121 421 4191 virgineum
447 4121 608 4176 iaborem
633 4119 760 4176 babebat.
803 4118 850 4174 Est
881 4122 1037 4173 coniectura
1057 4119 1211 4192 Scaiigcri;

182 4211 298 4260 veterem
316 4208 477 4276 scripturam
497 4205 582 4277 κόρυν
598 4208 709 4261 retinuit
724 4203 866 4265 Meinecire
885 4210 911 4258 et
929 4201 1042 4257 birreos.
1092 4203 1213 4261 (ioniccit

183 4288 364 4344 Burmannus:
384 4290 567 4357 Παρθενικυὶν
585 4288 674 4359 κρὸκ’
701 4287 812 4357 ἀνεῖχεν,
831 4288 874 4341 ο11.
894 4285 1001 4340 Hesion
1015 4283 1086 4358 '‘Epy
1103 4293 1163 4348 536,
1185 4301 1212 4346 ct

182 4374 354 4430 statiobiii.
370 4373 391 4439 l,
406 4378 456 4434 581
477 4391 537 4447 sqq.
570 4374 643 4430 idem
661 4378 690 4429 in
707 4389 748 4430 vt.
764 4374 822 4431 14.:
851 4371 944 4442 φυγών
961 4368 1095 4428 diorum
1108 4371 1211 4447 Ἄρηα,

183 4477 262 4531 quum
283 4459 405 4516 inlibris
423 4462 550 4530 scriptum
571 4462 607 4516 sii
626 4461 718 4531 ηέρυν
739 4456 825 4514 bacatu
841 4451 913 4507 υἶνυὶν
931 4449 1014 4523 ἄρνα.
