2768 4838
128 243 171 310 68

127 433 249 497 Musaei
269 428 314 497 94
344 448 411 512 supa
444 422 632 511 Ὀφθαλμὸς
653 422 764 502 δ’ὄδὸς
785 425 886 491 ἔστιν·
911 421 965 489 ἀπ’
991 423 1271 509 ὄφθαὶμίοΐνβο·

127 531 211 600 λάων
234 531 391 607 Κάλλος
416 527 695 612 ὄλισθαίνειῐ)
724 534 776 594 καὶ
802 528 855 594 ini
885 529 1001 611 φρένας
1020 523 1136 612 deripis
1159 525 1273 614 ὁδεύει,

129 643 163 703 ct
183 635 373 699 Aristaenct.
399 635 499 716 epist.
515 631 618 723 ito:
632 628 734 714 Ἔρως
755 631 920 713 καὶμέχρι
942 632 999 694 τοῦ
1021 627 1142 708 ἥπατος
1164 629 1271 710 διελή-

128 744 225 805 λυθεν
252 736 435 819 siccante.
491 735 613 796 anclos
644 739 744 796 autem
771 732 859 796 huius
889 733 1122 815 comparationis
1153 736 1216 797 ianr
1239 735 1270 795 in

130 840 266 905 Platonis
284 837 423 901 Phaedro
442 836 632 918 qrracrcmlos
655 836 778 897 vitetur
797 855 829 915 p.
844 833 919 898 251.
941 834 988 898 la:
1010 834 1189 918 Δεξάμενος
1203 833 1270 920 γιὶρ

129 944 200 1009 rei
223 937 395 1014 atritione
421 932 491 1012 τήν
514 933 716 1020 α’πορῥόην
739 933 790 1001 διὰ
811 941 872 1000 τῶν
890 932 1038 1017 ὀμμάτων
1057 939 1270 1026 ἐθερμάνθη·

128 1048 179 1111 nbi
200 1043 296 1127 -plora
324 1062 366 1104 ex
386 1041 518 1104 ilreticis
542 1041 664 1120 proicrt
686 1038 844 1101 Heindorf.
881 1073 917 1083 -
951 1040 1114 1107 Structora
1141 1060 1267 1127 qnoque

96 1202 100 1207 .
130 1150 269 1215 Graecae
292 1145 470 1224 elegantiae
492 1141 582 1222 plena
608 1143 673 1203 est:
700 1144 823 1224 pilippus
843 1137 999 1225 σφαλερὸν
1022 1141 1270 1222 irretiuntur,

130 1248 425 1335 ἐποφθαλμιᾶσθαι.
471 1243 535 1308 Cir.
560 1240 596 1308 C.
620 1243 676 1324 lV,
698 1242 729 1325 i,
752 1242 812 1308 59:
833 1245 975 1308 niveos
995 1246 1146 1326 videri,
1172 1249 1208 1310 et
1232 1266 1268 1309 v.

130 1356 209 1419 lixo.
229 1348 284 1427 lV,
307 1345 338 1409 4.
768 1380 772 1386 -

233 1470 267 1511 v.
289 1447 312 1512 9
332 1462 401 1527 seq.
454 1448 492 1527 In
519 1468 569 1511 me
597 1457 663 1511 tola
687 1469 783 1510 ruens
813 1449 918 1513 Venus
942 1451 1078 1533 Cyprum
1107 1446 1267 1532 deseruit]

130 1557 216 1625 Haec
237 1549 445 1630 composuisse
468 1547 590 1610 videtur
611 1567 658 1611 ex·
675 1550 886 1631 Euripide,
913 1550 1038 1634 ilippol.
1058 1549 1134 1614 443.
1157 1551 1222 1612 ln:

231 1648 353 1734 Κὸπρις
376 1645 437 1732 ylio
457 1647 498 1717 ,οὗ
520 1646 666 1730 φορητόν,
691 1648 727 1726 ἢν
749 1648 845 1730 πολλαὶ
870 1650 940 1743 ῥυῇ
960 1656 1010 1737 (v.
1031 1653 1069 1716 ad
1087 1651 1266 1748 c.1‚7‚7)‚

130 1765 226 1826 etex
244 1754 441 1833 Alcmene,
472 1754 596 1831 Fragor.
621 1750 670 1816 19.
692 1751 802 1817 Scina

148 1932 153 1939 ¹
231 1855 397 1939 Κύπρον
417 1847 545 1936 ἱμερτάν
565 1859 808 1919 innoteseat
828 1853 942 1938 Πάφον
965 1851 1162 1940 reprimitur,

130 1963 209 2051 quoi
234 1961 423 2027 manifestius
447 1958 580 2019 imitatus
602 1960 653 2020 est
683 1957 712 2019 in
736 1956 772 2022 0.
798 1960 830 2040 1,
854 1957 909 2024 30.
930 1961 994 2022 init.
1037 1959 1116 2021 Vite
1139 1961 1262 2022 omnino

130 2070 169 2133 ad
192 2067 230 2132 C.
253 2064 279 2146 l,
299 2061 352 2143 28,
375 2058 429 2124 30.

232 2189 263 2230 v.
290 2165 340 2228 12·
384 2183 442 2225 nec
468 2183 549 2244 quae
575 2165 656 2226 niti!
682 2159 830 2246 attinent]
876 2158 913 2226 ul
947 2167 1041 2247 μηδὲν
1072 2159 1266 2247 ὠφελοῦντα.

131 2270 372 2334 Anacreont.
395 2261 449 2340 36,
472 2259 504 2324 3.
525 2282 576 2342 ap.
601 2264 718 2340 Bergk.
742 2261 796 2325 53.
816 2285 848 2345 p.
871 2263 950 2329 730:

335 2368 369 2429 τί
387 2364 422 2428 δέ
444 2387 499 2444 μοι
518 2362 619 2445 λόγων
644 2362 808 2447 τοσούτων,

335 2474 397 2533 τῶν
419 2468 513 2546 μηδὲν
533 2463 750 2550 &melerinum

130 2590 210 2659 quac
230 2570 288 2632 iam
309 2574 402 2635 vetos
425 2568 616 2632 Scholiastes
635 2570 813 2632 Horatianis
835 2574 1017 2652 composuit.

233 2695 266 2736 v·
291 2670 342 2736 16.
388 2672 532 2737 Mactata
553 2676 658 2736 ueniet
678 2675 778 2736 lenior
801 2671 917 2756 hostia]
950 2674 1045 2758 Quum
1066 2692 1162 2754 saepe
1183 2693 1263 2737 eru-

129 2779 183 2843 diti
213 2796 255 2841 ex
276 2777 405 2839 Batavis
436 2776 622 2855 interpretes
645 2776 797 2837 dixissent
820 2776 963 2838 venire
989 2776 1167 2857 simpliciter
1185 2780 1263 2859 poni

128 2901 185 2964 pro
208 2897 322 2959 esse,
346 2881 380 2942 ot
403 2878 550 2940 Graecum
576 2875 730 2959 ἔρχεσθαι
760 2895 817 2957 pro
845 2869 940 2941 sirm.-
969 2882 1054 2942 recte
1081 2880 1196 2941 monuit
1218 2881 1262 2942 Η.

130 2981 360 3061 Peerlkampios
379 2981 532 3042 Romanos
555 2986 676 3058 poetas,
700 2978 884 3041 Graecorum
908 2981 1085 3066 imitatores,
1109 2998 1262 3063 nunquam

128 3099 297 3163 usurpasse
312 3082 467 3160 venire,
485 3080 604 3161 quando
626 3080 776 3141 sententia
798 3081 886 3144 unice
907 3082 1078 3164 postularet
1100 3102 1133 3144 v.
1151 3100 1257 3161 esse,

129 3188 163 3249 et
188 3184 330 3245 venire
360 3199 482 3262 semper
510 3199 594 3242 soram
625 3180 685 3241 vim
707 3196 846 3242 servare.
892 3181 995 3245 Venus
1018 3182 1049 3244 h.
1073 3183 1096 3245 l.
1119 3182 1259 3264 Cyprum

129 3284 274 3349 deserens
306 3285 338 3346 et
360 3286 427 3347 tota
454 3285 482 3346 in
505 3283 663 3345 Horatium
686 3299 777 3343 ruens
807 3283 846 3344 ad
876 3302 943 3347 eom
971 3286 1110 3349 venire
1138 3285 1260 3349 debuit.

128 3387 223 3450 Plane
246 3385 384 3449 similiter
408 3387 619 3450 Anacreon
644 3383 766 3461 Fragor.
789 3385 819 3465 2,
844 3407 892 3448 vs.
914 3386 961 3451 6.:
982 3383 1022 3452 erl
1043 3382 1260 3470 δἐὕμενῆς

121 3486 238 3557 ”Ελο’
268 3482 351 3571 ἡμῖν.
396 3487 461 3554 Cir.
486 3489 591 3570 Eorip.
614 3485 695 3548 oreo.
717 3483 793 3551 630.
813 3487 916 3550 alibi.-

548 3707 681 3786 Corn.
710 3705 741 3800 Ι,
771 3703 833 3784 20.

232 3864 453 3942 Argumentum
473 3864 561 3926 huius
584 3863 749 3927 schedulae
771 3867 929 3947 poeticae,
953 3820 1152 3950 quam'quasl
1172 3869 1259 3931 invi-

131 3966 272 4032 tatoriam
295 3963 469 4029 Maecenati
493 3984 550 4027 suo
572 3967 706 4048 scripsit,
730 3987 748 4029 a
771 3969 863 4032 docta
885 3969 1052 4033 Graecisnri
1073 3971 1201 4051 ratione,
1227 3975 1262 4061 ot

130 4072 256 4151 opinor,
286 4067 413 4131 alienum
446 4069 519 4148 init,
552 4086 609 4131 nec
639 4070 797 4153 quicquam
826 4073 907 4135 inest
934 4072 1013 4154 qnod
1042 4073 1263 4136 transmarinae

133 4224 334 4233 ---.-—-—-—--

183 4313 212 4379 1)
232 4315 256 4366 ir.
277 4334 298 4369 c.
320 4317 553 4372 verliilrrcrisciron·
573 4319 696 4376 Liclu·ciz
714 4325 862 4392 errlglcilct,
883 4328 1021 4376 onislrltrot
1041 4324 1090 4376 ‹lerr
1110 4296 1213 4390 Argon.
