2768 4838
122 222 167 288 56

232 404 440 474 mlo-16.
485 404 601 469 Fertur
624 405 826 469 Prometlseua
849 403 923 491 oet}
955 404 1071 473 (ionias
1091 407 1264 490 lanium,

132 514 183 599 qul
201 511 287 575 solus
309 510 440 575 fabulam
461 506 645 588 Promethei,
666 509 911 591 quemadmodum
933 508 963 570 ln.
984 510 1005 573 t
1029 513 1199 591 exponitur
1222 496 1271 575 aix

132 616 272 695 Horatio,
292 613 399 677 eolem
421 610 511 674 molo
530 609 559 670 ln
579 610 737 683 Palinodio
750 611 980 676 Stesichori
1002 613 1142 675 traditam
1160 614 1262 677 inisse

124 719 302 782 resolvisse
328 715 387 778 sibi
414 713 502 776 visus
527 715 595 775 erat
616 731 657 776 ex
678 713 835 793 Fulgentli
857 711 991 794 lilytiol.
1012 713 1073 795 lll,
1095 715 1143 796 7.,
1172 720 1262 781 reete

134 822 313 884 monuerunt
334 816 405 880 VV.
427 816 499 880 lili.
528 815 558 876 il
586 816 628 877 ibi
655 816 770 880 frustra
800 817 904 897 quaeri
933 833 989 878 nee
1019 834 1146 899 nsquam
1165 816 1262 881 hodie

134 926 202 986 eius
220 923 265 984 rel
290 920 456 998 vestigium
480 918 570 980 ullum
592 918 672 999 apul
695 937 873 1003 quemquam
895 917 983 979 alium
1004 919 1185 999 scriptorem
1208 921 1263 982 in-

134 1025 245 1087 veniri.
290 1020 384 1087 (ierte
406 1039 462 1083 neo
478 1020 614 1082 Platonis
633 1018 683 1081 llle
703 1019 791 1084 locus
813 1020 972 1103 quivulgo
988 1021 1261 1105 usurpatnrffro-

135 1132 203 1206 tog.
222 1144 255 1207 p.
271 1121 345 1188 320.
359 1120 490 1204 0.sqq.)
513 1120 617 1182 similla
638 1124 697 1202 ost,
719 1138 776 1185 nee
798 1123 825 1184 si
849 1141 936 1205 quem
958 1122 1046 1184 alium
1068 1125 1264 1204 protulerunt

133 1228 325 1310 interpretes
347 1222 428 1308 (vid.
449 1221 617 1287 lilitseherl.
643 1227 676 1287 et
697 1223 821 1307 Orelli.
869 1225 945 1287 Nam
974 1224 1054 1286 oliol
1073 1230 1123 1289 est
1143 1226 1262 1307 dicere,

135 1332 216 1395 lrnno
242 1329 297 1393 vel
326 1328 407 1391 illum
434 1324 582 1388 hominem
613 1342 685 1386 esse
716 1325 899 1409 vulpeculae
928 1329 981 1389 aut
1006 1326 1089 1389 leoni
1114 1327 1262 1391 similem:

137 1430 229 1514 allud,
252 1449 340 1495 uuum
363 1427 549 1509 eundemque
568 1425 713 1490 hominem
736 1428 933 1508 compositum
956 1446 1028 1491 esne
1041 1445 1083 1490 ex
1104 1428 1262 1510 vulpeon-

136 1536 205 1616 lae,
228 1534 328 1597 leonis
349 1529 532 1611 aliarumque
553 1528 719 1590 bestiarum
746 1530 921 1611 particulis,
953 1530 1041 1614 quasi
1063 1530 1178 1592 animus
1199 1530 1261 1593 luu-

136 1655 241 1701 manus
260 1654 302 1698 ex
321 1634 431 1697 bestiis
454 1631 602 1694 eonllotus
621 1629 675 1692 sit.
718 1629 805 1712 Quod
827 1650 913 1714 quum
937 1649 993 1712 per
1015 1650 1051 1694 se
1064 1632 1188 1697 multum
1203 1652 1260 1697 sa-

136 1739 176 1801 lis
197 1756 233 1802 ae
253 1736 370 1818 leporis
382 1733 505 1813 habeat,
524 1735 586 1795 tuor
609 1746 648 1793 eo
668 1730 812 1795 festivius
835 1736 895 1813 est,
919 1734 946 1795 si
967 1735 1032 1797 tota
1046 1733 1161 1814 laisla,
1176 1734 1262 1799 Ben-

136 1841 212 1904 tlelo
236 1839 354 1918 iudice,
386 1835 509 1909 anullo
531 1834 648 1896 omuino
677 1833 737 1896 alio
771 1835 953 1912 excogitata
980 1838 1029 1898 est
1049 1836 1107 1897 nlsi
1126 1837 1165 1899 ab
1191 1838 1261 1920 ipso

138 1941 279 2021 lloratlo,
299 1956 356 2002 nee
376 1938 407 2001 id
426 1936 639 2017 ignorantibus
662 1935 760 1999 doctis
781 1935 958 1998 lectoribus.

239 2076 278 2090 -
296 2043 436 2126 ponem
448 2037 555 2121 nemo]
576 2038 771 2120 Prinoops
791 2037 909 2098 ornus
924 2037 1041 2098 uerior
1052 2026 1262 2105 videturesse

138 2139 274 2230 ὁᾶρχὸς
296 2137 393 2221 πηλὸς
408 2142 605 2206 Graecorum.
632 2139 678 2202 lta
698 2139 854 2201 llusehlrio
877 2143 960 2202 eerte
982 2140 1081 2202 visum
1102 2142 1171 2220 est,
1197 2143 1261 2209 vil.

138 2247 278 2310 Diodori.
299 2247 337 2307 al
360 2241 456 2324 Sopla
480 2243 605 2321 Fragm.
634 2258 652 2301 e
673 2239 814 2301 Pandora
834 2237 908 2303 432.
938 2275 978 2285 —
1012 2237 1154 2305 Ceterum
1182 2262 1261 2326 quao

138 2349 224 2411 varie
253 2346 376 2429 prodito
404 2345 475 2405 sont
502 2362 521 2405 a
552 2341 709 2405 veteribus
738 2340 775 2403 ‹le
805 2341 971 2407 hominibus
993 2339 1262 2426 πρωιονιλᾶσιοις,

140 2468 178 2513 ea
201 2446 330 2527 collegit
353 2447 480 2511 Lobeolr
502 2447 531 2508 lu
554 2444 631 2535 Agl.
654 2464 683 2525 p.
706 2430 770 2507 760
791 2463 860 2526 sqq.
887 2448 920 2507 et
945 2441 1038 2509 1082.

242 2569 275 2611 v.
298 2546 349 2614 18.
371 2551 445 2612 utria
465 2544 607 2630 urbium]
636 2544 791 2607 intellexit
821 2547 955 2610 fortusse
980 2546 1029 2608 llil
1056 2546 1260 2614 tristissimum

139 2671 278 2720 oooesum
299 2652 461 2717 seeundum
484 2650 588 2714 llom.
612 2648 647 2710 ll.
669 2647 761 2731 Xlll,
783 2647 863 2712 7722

220 2788 265 2803 ·-
289 2790 326 2803 ·-
349 2757 403 2822 νῦν
424 2752 544 2821 ὤλετο
566 2755 653 2818 πᾶσα
673 2751 758 2816 κατ’
780 2748 901 2832 ἄκρης
925 2747 1140 2834 (funditus)

214 2857 316 2935 Ἴλιος
333 2856 505 2936 αἰπεινή.
528 2857 577 2922 ull.
598 2857 634 2921 ll.
657 2854 728 2935 XV,
752 2849 1075 2918 71ιἼιιοναῐπύι.

241 2981 273 3024 ν.
294 2962 350 3026 ‘im
396 2963 563 3044 Gompesee
587 2954 735 3040 mentem]
779 2956 863 3019 Haeo
892 2955 995 3036 utique
1023 2955 1060 3017 ab
1091 2955 1259 3021 Homero

139 3064 236 3126 malim
257 3082 381 3145 quomo
405 3061 514 3124 Theo
522 3059 645 3138 gulde
668 3074 739 3118 esse
767 3061 884 3135 sumta,
916 3075 1039 3138 quorum
1061 3057 1112 3120 ille
1134 3058 1261 3123 Peleum

140 3166 257 3245 patrem
281 3164 385 3226 lisdem
407 3163 511 3226 verlois
533 3160 571 3223 al
595 3158 744 3222 Achillem
764 3157 979 3223 cohortandum
999 3178 1092 3225 usum
1105 3162 1197 3242 inuit,
1222 3162 1259 3224 li.

139 3265 197 3344 lX,
216 3264 281 3329 255
302 3284 366 3348 sq:

350 3398 395 3410 -
439 3397 480 3410 -·
525 3399 561 3411 -
612 3398 648 3409 -
693 3359 1157 3448 σύδὲμεγαλήτοραθνμὸν

311 3468 443 3549 ἴσχειν
465 3465 498 3530 ἐν
517 3460 687 3544 στήθεσσι·
706 3463 915 3551 φιλοφροσύνη
935 3462 997 3549 γὰρ
1020 3463 1162 3549 ἀμείνων,

136 3567 186 3634 irio
207 3573 305 3633 antem
326 3569 408 3632 illum
431 3569 590 3632 ‹lunrtaaat
608 3569 791 3631 subsecutus
811 3589 844 3632 u.
866 3567 932 3632 365
952 3588 1022 3652 uqa

229 3666 339 3751 ’Ἱσχε
359 3668 467 3752 νόον,
486 3667 609 3758 γλώσσῃ
631 3674 666 3735 δὲ
687 3665 723 3732 sd
744 3675 883 3752 μείλιχον
903 3671 970 3735 αἰὲν
992 3670 1131 3735 ἐπέστω·
1162 3693 1166 3699 ·

341 3773 446 3836 δειλῶν
465 3796 514 3836 sos
533 3773 656 3837 τελέθει
676 3775 784 3855 καρδίη
803 3768 941 3857 ὀξυτέρῃ.

124 3868 252 3935 sunm
274 3889 334 3935 non
354 3873 450 3935 solum
464 3890 542 3955 quae
556 3889 745 3954 praegressa
758 3877 898 3938 suntsed
915 3877 1006 3938 etiam
1022 3888 1099 3958 quae
1119 3890 1259 3955 sequun-

134 3975 204 4037 tur:
228 3972 288 4035 lile
311 3992 467 4058 quoque
492 3977 552 4036 oet.
572 3973 733 4037 llomerloa
751 3979 839 4041 sunt:
881 3973 924 4051 ὥς
946 3980 1001 4043 soi
1021 3968 1101 4059 tyris
1121 3979 1200 4055 ari„
1219 3973 1259 4036 ll.

133 4073 222 4156 XIX,
238 4072 310 4140 184.
328 4076 411 4140 alibi.
455 4075 621 4137 Praeterea
643 4092 710 4137 oum
732 4077 827 4139 totins
849 4078 987 4140 carminis
1007 4079 1104 4143 monia
1120 4080 1160 4142 -et
1178 4096 1258 4141 oon-

132 4174 200 4236 silio
222 4177 344 4240 mirifice
366 4179 533 4255 congruat,
558 4177 584 4236 si
606 4176 751 4241 Horatios
772 4178 969 4259 principalem
989 4180 1056 4242 elus
1074 4181 1256 4245 senteutiam

131 4273 169 4334 ab
191 4275 321 4338 llomero
343 4277 520 4358 repetierit,
551 4277 635 4338 cuius
663 4278 845 4342 anctoritate
876 4282 1062 4359 gravissima
1093 4299 1128 4344 se
1160 4283 1258 4362 ipsum
