2768 4838
555 1008 686 1088 Curru
715 1008 749 1102 i,
783 1006 813 1085 t.

226 1259 266 1321 V.
290 1257 311 1324 3
333 1279 380 1344 sq.
428 1259 513 1323 Sunt
531 1282 607 1344 quoa
619 1262 772 1323 curriculo
788 1263 951 1343 pulverem
971 1261 1163 1343 Olympicum
1181 1261 1256 1322 Col-

123 1365 239 1446 lcgisse
263 1368 354 1426 tucci
379 1359 455 1446 ech]
501 1361 681 1443 Exemplum
710 1362 877 1425 eGraecia
907 1366 1033 1424 sumtum
1064 1365 1139 1424 vitio
1174 1364 1257 1425 verti

123 1466 223 1544 possit
237 1464 383 1528 Horatio:
406 1469 591 1546 excusatur,
615 1464 694 1546 quod
714 1464 876 1526 Pindari
895 1463 981 1527 locus
997 1465 1155 1545 persimilis
1178 1484 1255 1527 ocu-

122 1566 161 1627 tis
191 1569 256 1628 eins
288 1568 528 1646 obversabatur,
561 1586 579 1628 a
610 1567 711 1629 Sexto
744 1569 893 1647 iimpirico
921 1565 1031 1647 Pyrrh.
1065 1565 1200 1648 Hypoth.
1224 1565 1256 1646 i,

123 1670 158 1748 p.'
179 1666 222 1732 23
245 1671 331 1733 nobis
353 1676 517 1748 serratus,
552 1671 663 1748 fragm.
685 1668 759 1732 242.
783 1669 835 1730 B.:

131 1789 132 1792 ’
166 1817 174 1835 .
200 1818 207 1835 .
229 1767 439 1838 usitandum
461 1771 519 1854 plu
541 1768 597 1834 τιν’
617 1769 827 1853 coinquinamur
846 1770 954 1833 ἵππων

165 1878 262 1955 Τίμια
276 1879 330 1937 καὶ
349 1874 517 1955 σιὲφαιοι,
537 1867 609 1948 τοὺς
624 1871 651 1936 δ’
664 1874 697 1938 ἐν
710 1870 920 1954 πολυχρύσοις
935 1867 1091 1950 θαλάμοις
1109 1869 1256 1954 βιοτάἻ

168 1978 323 2058 Τέρπιτιιι
344 1978 379 2040 δὲ
400 1976 454 2038 καί
474 1997 522 2048 τις
543 1969 591 2037 ἐπ’
614 1968 695 2056 οἶδμ’
716 1973 802 2039 ἅλιον
825 1980 880 2037 cni·
899 1976 966 2058 θοᾷ

167 2081 238 2153 Eois
260 2081 442 2158 ducensillum
459 2073 500 2159 ²).
1212 2125 1215 2129 J

124 2179 173 2242 iix
201 2180 259 2245 boc
289 2183 349 2245 iam
376 2180 465 2260 ioco,
503 2196 591 2262 quem
622 2180 735 2260 primus
765 2177 852 2242 Rich.
886 2177 1058 2257 Bentleius,
1096 2180 1124 2239 ni
1154 2179 1253 2260 failor,

124 2302 189 2345 cum
214 2272 340 2347 Horatio
362 2281 506 2362 contulit,
532 2281 612 2344 uitro
636 2283 725 2343 etiam
751 2279 902 2358 coliigunt
924 2280 1128 2360 interpretes,
1161 2285 1257 2344 totum

123 2385 180 2450 hoc
210 2404 345 2469 carmen,
377 2404 436 2468 qno
459 2383 562 2447 itidem
584 2382 748 2463 Horatius,
779 2388 814 2447 ut
837 2383 985 2448 Graecum
1009 2386 1129 2464 poetam
1149 2385 1179 2446 id
1202 2386 1253 2446 le-

124 2489 204 2550 cisse
231 2486 389 2571 probabile
423 2489 481 2568 sit,
520 2487 663 2565 volgaria
695 2491 787 2568 atque
823 2487 947 2547 diversa
978 2484 1125 2547 hominnm
1154 2487 1255 2550 studia

124 2593 293 2655 accuratius
322 2591 476 2654 describat
506 2610 542 2653 ac
566 2589 782 2670 quodammodo
808 2592 1008 2673 percenseat,
1040 2593 1073 2649 ut
1094 2589 1131 2650 iis
1156 2591 1248 2651 omni&

125 2695 182 2756 bus
206 2713 279 2755 suas
303 2695 430 2774 dentque
451 2694 566 2772 poetae
588 2691 676 2770 lyrici
698 2693 783 2753 vltae
812 2690 946 2750 rationes
977 2694 1111 2769 opponat
1126 2727 1164 2735 —
1180 2708 1255 2752 eas-

126 2815 184 2877 que
219 2800 251 2858 et
282 2797 401 2856 sibimet
428 2795 497 2874 ipse
528 2795 560 2854 et
584 2792 756 2856 Maecenati
786 2808 841 2852 suo
871 2788 1021 2867 „docto
1051 2808 1255 2856 sermones

127 2899 335 2977 utriusque
378 2892 588 2974 linguae“
633 2896 808 2978 comprobet
852 2897 944 2974 atque
988 2891 1174 2956 commendet
1213 2929 1254 2940 —

126 3001 164 3061 de
206 2999 378 3060 Pindaro
420 2997 639 3065 adumbratum·
669 3016 751 3060 esse.
820 2996 902 3059 Haec
940 2999 989 3057 est
1026 2993 1254 3064 iiiitscheriichii

128 3101 232 3164 Oreiiii
255 3100 378 3164 aliorum
401 3104 563 3165 sententia.
587 3101 644 3163 iist
662 3120 737 3165 vero
761 3102 847 3165 iocus
864 3101 1041 3163 PindarIcns
1061 3108 1093 3164 et
1114 3103 1254 3184 splendi-

128 3206 193 3266 dum
221 3204 376 3266 exordium
400 3203 480 3287 [vid.
503 3204 539 3269 (i.
565 3201 675 3283 1,18,
702 3203 738 3288 Ι)
768 3208 799 3267 et
829 3203 923 3265 veluti
949 3206 1064 3266 stamen
1095 3207 1255 3291 quoddam,

127 3307 174 3369 cni
196 3306 341 3368 iioratius
370 3323 453 3368 sunm
484 3325 603 3370 carmen
633 3311 773 3389 tanquam
803 3306 959 3367 subtemen
984 3308 1132 3389 intexuit,
1160 3330 1256 3394 eaque

126 3413 193 3490 ipsa
216 3428 260 3488 re,
284 3408 364 3490 quod
388 3409 487 3470 statim
512 3409 549 3471 ab
574 3409 658 3470 initio
675 3405 843 3470 carminum
867 3408 937 3468 sive
955 3407 1083 3493 Prologi
1105 3410 1173 3472 ioco
1197 3412 1255 3476 boc

126 3528 244 3575 carmen
273 3512 394 3590 posuit,
424 3512 510 3573 simui
539 3510 631 3572 tacite
656 3507 861 3587 significavit,
891 3508 1102 3569 Pindarum
1124 3511 1257 3593 inprimis

127 3613 185 3674 sihi
212 3613 241 3672 in
272 3611 427 3687 gravioris
457 3611 628 3688 argumenti
656 3593 835 3672 carminibus
866 3609 981 3672 melicis
1010 3613 1142 3694 exempli
1163 3616 1257 3679 instar

128 3733 216 3793 esse,
251 3712 331 3796 quod
352 3713 410 3773 rite
431 3713 576 3794 consequi
598 3712 680 3773 nulia
702 3709 818 3792 quidem
840 3713 965 3776 imitatio
993 3719 1100 3794 posset
1126 3715 1180 3801 (0.
1201 3720 1255 3801 lv,

128 3820 166 3897 2,
193 3815 247 3900 i),
281 3815 336 3877 sed
363 3814 441 3897 qnod
465 3817 655 3896 propositum
686 3820 785 3879 tamen
814 3820 917 3897 esset,
951 3820 979 3879 in
1004 3820 1083 3900 ‹anod
1112 3822 1181 3903 ipsc
1208 3825 1257 3884 in-

136 3971 332 3981 ...φο-,μυ

182 4055 209 4122 1)
232 4055 249 4107 i.
269 4068 293 4107 o.
313 4055 341 4105 in
362 4053 471 4105 'auratis
495 4051 667 4106 conclavibus
694 4052 734 4120 (in
762 4052 858 4122 quibus
883 4051 1033 4116 habitatur,
1064 4071 1116 4108 non
1139 4054 1258 4110 thesauri

235 4139 424 4206 asservantur)
442 4140 506 4191 vita.

180 4239 210 4304 2)
229 4235 371 4305 Perperem
386 4234 458 4289 Rich.
471 4234 610 4312 'Bentlcius
629 4233 784 4304 decoretque
803 4240 936 4299 correxit,
954 4252 1033 4306 quum
1052 4232 1131 4290 etiam
1144 4240 1260 4306 στείβων

149 4350 158 4363 ·
233 4321 353 4390 (calcare
372 4324 449 4384 viam,
459 4322 562 4374 emetiri
582 4323 702 4389 cursum)
720 4321 751 4375 dc
771 4321 961 4391 navigantibus
975 4320 1088 4377 dicatur.
1107 4322 1256 4378 Bnecinh.
