2768 4838
193 278 257 344 126

59 474 62 479 “
194 466 458 555 ΗαιαίῑαιΙΙγιααι
479 483 562 527 suam
586 465 734 546 salutans,
758 468 791 528 ot
808 462 1051 545 quemadmodum
1077 465 1174 530 adhuc
1196 468 1323 549 iecerit,

195 571 242 634 sio
267 587 362 652 usque
385 569 442 631 sihi
465 568 675 631 obsecundare
698 567 786 648 velit,
808 567 835 628 si
855 567 913 628 rite
939 564 1077 643 νοσοῖ.)
1110 570 1212 652 Supra
1228 554 1347 653 enim,

107 711 109 714 -
194 671 226 733 id
248 673 329 755 quod
353 673 391 733 ad
414 673 592 736 seutentiam
620 673 686 743 iere
706 670 784 733 idem
804 672 883 749 erat,
904 669 1082 750 simpliciter
1105 673 1228 737 dixerat
1258 675 1325 738 dio

196 793 361 838 carmen.
416 774 469 838 Sic
497 776 680 858 interpretor
704 773 825 837 Graeca
854 774 1042 853 potissimum
1074 776 1104 837 in
1125 773 1245 856 hymnis
1270 777 1324 840 lo-

195 877 306 961 quendi
326 878 571 940 consuetudinem
590 879 777 960 comparatu.
823 874 898 937 Num
921 876 990 956 quin
1012 874 1069 940 hoc
1090 876 1178 939 mihi
1200 879 1324 942 salve

196 978 361 1043 atiracco-
379 991 469 1062 χαῖρε
491 982 690 1064 repetendum
719 979 777 1057 sit,
805 979 861 1045 vix
883 980 933 1038 est
956 978 1036 1058 quod
1061 978 1247 1060 dubitemus,
1275 984 1324 1043 si-

195 1080 334 1164 quidem,
360 1084 394 1142 ut
421 1084 534 1146 mittum
562 1085 714 1147 recentem
747 1081 928 1144 testudinem
943 1080 1013 1147 ,tta
1027 1079 1154 1143 salutari
1180 1083 1221 1144 ah
1250 1086 1325 1165 ipso

150 1228 154 1241 .
195 1190 324 1266 parente
345 1185 432 1246 llum.
450 1185 488 1246 ll.
509 1187 538 1247 in
552 1185 651 1249 ltlerc.
665 1183 727 1249 312
747 1194 916 1268 χαῖρε...
940 1175 1044 1255 δααὸς
1065 1178 1180 1263 ἑταῖρ’),
1201 1186 1325 1249 ’Λοπα-

195 1289 247 1366 σίη
270 1297 467 1372 προφανεῖσα
489 1313 516 1350 ιι.
537 1314 563 1352 ι.
586 1295 630 1367 l..,
662 1286 738 1351 haec
763 1288 830 1368 ipsa
854 1285 1008 1349 sollemnis
1031 1302 1066 1346 ao
1087 1304 1185 1368 prope
1206 1307 1323 1352 nuces-

195 1391 278 1453 saria
298 1391 327 1453 in
350 1390 524 1471 hymnorum
553 1391 689 1472 epilogis
710 1389 874 1471 perorandi
897 1386 1024 1450 formula
1052 1387 1126 1466 luit,
1157 1409 1216 1471 qua
1238 1412 1323 1473 poe-

196 1495 248 1553 tae
269 1491 308 1553 ad
332 1491 408 1554 deos
432 1494 574 1554 conversi
595 1498 627 1555 et
645 1494 682 1554 ils
703 1491 792 1575 quasi
815 1489 1027 1551 valedicentes
1047 1491 1091 1552 uti
1113 1490 1266 1572 solebant,
1290 1499 1325 1557 ut

195 1610 318 1674 quorum
340 1594 486 1656 numinum
508 1595 639 1656 virtutes
659 1595 788 1657 caruitne
809 1591 1061 1672 commovissent,
1082 1610 1183 1655 eorum
1205 1599 1324 1676 poten-

147 1707 151 1713 ’
195 1695 256 1758 tiae
279 1713 315 1760 ao
337 1695 572 1760 benevolentiae
594 1715 629 1759 sc
651 1695 893 1760 commendarent
914 1711 1041 1776 canique
1064 1701 1242 1777 perpetuam
1264 1698 1324 1759 sihi

195 1803 371 1879 poscerent,
394 1799 472 1862 ultro
494 1802 559 1862 iere
581 1799 764 1882 pollicentes
783 1816 825 1859 se·
838 1797 928 1858 etiam
952 1794 1081 1879 posthac
1102 1798 1237 1879 ipsorum
1253 1801 1322 1862 lao-

195 1899 252 1962 des
271 1905 489 1982 persecuturos
510 1920 590 1963 essu.
632 1901 680 1964 lta
698 1917 802 1964 omnes
824 1896 925 1979 hymni
941 1900 1105 1981 Homerici,
1126 1906 1233 1985 paucis
1249 1907 1323 1987 qoi-

193 2003 319 2067 busdam
342 2003 495 2085 exceptis,
520 2003 708 2084 clauduntur,
724 2003 786 2064 ‘sed
809 2003 937 2064 maxime
957 2001 1014 2065 hoc
1036 2004 1124 2067 modo
1148 2024 1207 2087 quo
1231 2006 1271 2067 ll.
1294 2009 1323 2069 io

196 2103 300 2186 Apoll.
322 2107 357 2168 P.
380 2104 463 2170 367:

283 2213 359 2271 Kal
379 2203 424 2271 ori
446 2211 518 2290 μὲν
548 2208 651 2274 οὕτω
680 2221 815 2294 χαῖρε,
842 2204 918 2283 Διὸς
942 2213 995 2272 καὶ
1016 2208 1140 2286 Λητοῦς
1162 2211 1216 2274 ull.

282 2305 381 2389 αίτάρ
402 2308 463 2390 lyci
484 2316 537 2374 uui
557 2322 624 2375 σεῖο
645 2319 697 2376 καὶ
719 2309 809 2388 ἄλλης
831 2305 970 2394 μνήσομ’
991 2304 1104 2389 αόιδῇς.

195 2407 328 2472 Additur
349 2411 377 2472 in
399 2410 467 2474 ullis
489 2411 572 2493 ἐμεῖο
594 2417 627 2477 δὲ
648 2396 700 2477 καί
723 2411 917 2494 μετόπισθεν
935 2408 1114 2490 Μνῆσασθ’
1134 2412 1191 2497 (Η.
1211 2418 1240 2478 iu
1257 2417 1323 2500 Ap.

194 2510 236 2573 D.
262 2508 371 2596 165),
392 2518 517 2594 λίτομαι
541 2515 576 2578 δέ
594 2512 625 2579 u'
643 2514 731 2606 ἀοιδῇ
752 2512 855 2600 (XVl,
870 2514 901 2579 5.
925 2516 975 2578 l'r.
994 2515 1080 2594 xlx,
1098 2514 1189 2600 48),
1212 2519 1325 2602 ἵλαμαι

196 2612 230 2675 δέ
249 2608 395 2705 σ”ἆοιδῇ
414 2615 515 2697 (XXl,
530 2616 597 2698 5.),
622 2620 674 2682 vel
689 2620 880 2682 substituitur
901 2619 970 2682 huie
991 2620 1137 2682 formulae
1156 2617 1325 2700 uso'l'uyea

198 2714 283 2797 (XX,
303 2714 336 2782 8.
364 2717 483 2801 ΧΧΙΙΙ,
501 2719 562 2801 u),
585 2718 679 2806 χάριν
699 2720 732 2787 δ’
752 2721 811 2804 ἅμ’
832 2719 984 2787 ὄπασσον
998 2719 1085 2810 ἀοιδῇ
1106 2723 1239 2806 (XXIV,
1261 2725 1322 2810 5.).

299 2821 348 2884 Ac
379 2840 417 2884 nc
452 2823 519 2904 quis
545 2822 713 2887 Homericis
746 2825 813 2886 istis
842 2825 960 2907 hymnis
996 2844 1100 2907 parum
1133 2828 1323 2893 trihuendunr

196 2938 267 2985 esse
285 2929 389 3005 putet,
420 2943 479 2988 non
510 2928 600 3007 parvi
625 2927 762 2990 iacienda
785 2932 834 2990 est
857 2927 1032 2992 Callimachi
1055 2934 1237 3014 auotoritas,
1270 2941 1323 3019 qui

196 3044 282 3107 quum
310 3028 424 3090 slmiles
451 3024 564 3091 haheat
592 3025 766 3107 hymnorum
794 3030 947 3093 clausulas
976 3033 1052 3094 sutis
1083 3036 1216 3098 ostendit
1237 3037 1320 3101 illum

195 3128 356 3207 perorandi
378 3129 533 3191 turmulam
566 3130 696 3210 antiquis
726 3131 754 3191 io
785 3149 839 3194 usu
870 3135 984 3213 luisse,
1005 3135 1159 3232 ‘quidquid
1189 3143 1322 3220 nonnulli

198 3230 304 3291 contra
327 3229 527 3312 disputarunt.

197 3326 236 3389 H.
250 3329 380 3393 indum:
401 3335 534 3417 Χαῖρε
553 3334 635 3416 μέγα
660 3339 794 3415 Κρονίδη
813 3340 1046 3418 ausoniorum,
1069 3343 1169 3428 δῶτορ
1192 3342 1281 3411 ἐάων.

397 3445 515 3519 χαῖρε
535 3432 642 3518 πάτερ,
662 3435 773 3524 χαῖρ’
788 3435 876 3523 αὖθι,
891 3445 976 3507 δίδον
992 3438 1266 3528 δ’δρετῆνιίφενόν
1282 3475 1325 3514 τε.

198 3534 238 3595 Η.
251 3534 281 3597 in
294 3534 380 3601 hta:
402 3542 530 3625 Χαῖρε
551 3538 640 3623 ,cys
652 3545 809 3626 κρείουσα,
830 3548 882 3608 καὶ
902 3539 1070 3624 εδαὶντησον
1093 3544 1191 3638 ἀοιδῇ.

195 3636 374 3702 dilacera
398 3643 532 3725 Χαῖρε
550 3637 612 3706 θεαὶ
636 3649 688 3708 καὶ
710 3640 801 3709 τάνδε
820 3641 887 3710 ocio
908 3644 998 3713 πόλιν
1027 3645 1086 3705 .--’
1129 3684 1187 3730 -,

395 3740 520 3806 lueet
539 3769 608 3824 μοι
630 3747 882 3830 eorrumpere
903 3755 1050 3835 κρείουσα
1071 3749 1187 3817 θεάων.

299 3839 408 3904 Notum
435 3850 486 3908 est
505 3854 550 3909 ex'
572 3849 741 3911 llonrertcis
762 3848 891 3933 hymnis,
913 3855 939 3917 si
962 3873 1021 3916 non
1039 3855 1219 3938 plerosque,
1241 3872 1325 3918 non-

197 3940 296 4004 nullos
318 3949 402 4008 certe
421 3946 545 4009 aliorum
570 3951 730 4011 carminum
754 3949 909 4035 προσόδια
931 3959 964 4018 et
979 3962 1130 4041 προοίμια
1145 3959 1242 4021 tuisse
1259 3959 1326 4026 ita-

199 4095 403 4108 -—--..-.

251 4189 280 4255 1)
299 4189 366 4255 „Sei
387 4194 421 4248 du
439 4200 490 4249 mir
509 4197 659 4252 lroundliuh
671 4203 799 4270 gegrisst
810 4204 941 4259 undbleib
959 4209 1009 4258 mir
1027 4206 1171 4277 hestdudig
1183 4221 1326 4279 gemegen,

292 4278 390 4412 sofolt
416 4278 457 4333 ich
485 4280 630 4350 (jedoomul
657 4299 732 4339 menn
756 4287 813 4357 iclr)
840 4292 886 4343 mit
910 4289 1016 4346 wuhror
1034 4290 1234 4363 Begoisturung
1260 4293 1323 4348 dich

300 4374 331 4412 ru
345 4376 369 4414 ο.
378 4365 395 4388 “
