2768 4838
1189 210 1281 315 rcr'
1310 178 1357 289 {s

126 423 202 483 enim
224 419 328 484 Lesbii
350 423 462 501 poetae
481 416 682 501 tuoevpttna
704 436 777 480 suas
799 419 858 499 ipsi
880 422 993 480 vocant
1012 414 1158 498 πλεκτάς,
1183 420 1250 482 Pii-

125 526 192 585 nius
214 526 314 587 nutem
336 523 374 584 N.
396 524 435 587 H.
458 523 554 600 XXl,
570 519 609 602 3,
633 518 665 586 8.
682 523 796 605 pactili
816 541 950 582 emoneo
970 522 1097 601 opponit
1117 524 1252 603 mntem,

126 629 158 689 et
181 625 218 689 ab
241 623 398 704 Hesycbio
421 628 621 705 memorantur
642 618 757 708 iamai
777 625 944 705 creparet,
968 624 1001 684 nt
1024 623 1128 684 canem
1149 641 1251 702 gene-

125 747 187 788 rum
211 728 379 789 diversitas
401 727 480 809 apud
504 727 642 792 Graecos
670 727 766 787 inisse
794 727 951 804 videntur,
974 742 1062 807 ‚quae
1086 725 1144 788 luit
1170 726 1250 808 apud

124 831 289 892 Romanos.
332 829 481 894 sutilibus
502 829 549 891 bis
571 830 669 892 lucem
692 828 841 911 quandam
864 827 1005 891 accendit
1023 826 1139 917 Plinius
1160 827 1182 888 l.
1206 848 1251 893 c.:

131 931 435 994 Transrenanum
461 933 506 993 ud
526 935 649 995 rosaria
671 953 769 1015 eoque
789 933 916 1017 luxurio
936 932 1107 1012 prooessit,
1135 938 1260 1000 utnon

124 1046 208 1096 essct
226 1038 333 1117 gratia
347 1030 517 1113 ,nisi'mero
535 1035 615 1118 folio
636 1035 796 1113 sutilibus,
817 1016 891 1094 mou
907 1034 1014 1114 petitis
1034 1031 1074 1092 ab
1090 1031 1257 1093 Indicant

124 1140 207 1200 ultra
236 1139 342 1200 Indos.
389 1134 617 1217 Lautrirsimum
645 1140 758 1220 quippe
784 1137 917 1196 babetur
939 1134 1074 1203 enardi
1097 1134 1177 1216 folio
1199 1153 1255 1195 eae

125 1241 198 1302 dari
216 1249 273 1302 out
293 1247 379 1302 ueste
398 1241 500 1300 serica
521 1241 699 1302 versicolori
719 1241 890 1321 unguentis
916 1237 1067 1309 madido5
1096 1236 1179 1298 bunc
1197 1237 1254 1297 ba-

125 1341 177 1402 bet
195 1344 361 1414 noomsiane
382 1341 500 1401 emitum
521 1342 649 1404 luxuria
668 1343 873 1425 feminarum.
917 1339 1003 1400 Haec
1019 1337 1145 1418 Plinius,
1170 1339 1266 1415 euius,

123 1442 230 1505 uerba¹
244 1445 272 1504 in
296 1460 361 1503 cam
384 1443 564 1504 sententiam
589 1436 724 1529 incipio,
751 1446 784 1503 ut
807 1459 873 1502 eum
897 1439 1014 1501 dixisse
1037 1443 1139 1521 putem
1154 1458 1254 1503 coro-

124 1534 192 1606 nam
213 1542 331 1606 sutilem
352 1543 449 1604 tuisse
471 1559 488 1602 e
510 1560 594 1605 mero
617 1542 690 1605 lolio
706 1537 856 1622 rossel]
907 1541 953 1602 Ae
986 1557 1254 1612 rosarumsu·¹

125 1645 251 1709 tilium
284 1645 393 1706 mentio
421 1641 456 1706 fit
478 1660 497 1703 n
518 1642 662 1711 Martiale
687 1644 724 1725 V,
746 1643 800 1724 et,
824 1641 866 1705 42
912 1641 1149 1724 Lassenturque
1176 1647 1256 1706 ntis

124 1756 264 1830 tempora
285 1747 438 1808 sutilibus.
461 1741 648 1825 .1x,91,e:
672 1747 823 1808 Frontem
843 1745 987 1806 sutilibus
1009 1732 1107 1805 ruber*
1124 1749 1256 1807 coronis.

124 1847 182 1928 IX,
199 1847 252 1928 94,
266 1846 306 1911 53
336 1847 447 1908 Sutilis
465 1855 594 1928 ‘aptetur
620 1847 723 1907 decim
752 1867 825 1910 rose
845 1848 998 1939 ,omnibus
1041 1845 1107 1906 Jam
1129 1843 1257 1907 Ouidius

126 1950 248 2011 easdem
286 1940 454 2024 coronas
492 1949 642 2012 sutiles
696 1950 850 2012 coniunxit
879 1966 944 2011 anm
979 1944 1256 2028 philyrnl'nst.

125 2053 165 2135 V,
187 2049 268 2116 335:
667 2040 670 2044 ’
699 2046 703 2051 ’

188 2178 203 2210 η
238 2153 393 2235 Tempora
413 2150 613 2213 sutilibus
636 2153 894 2232 cinguntur-toto
914 2151 1087 2230 coronis,

236 2240 242 2253 “
296 2255 344 2314 Εἰ
363 2255 440 2315 latet
460 2257 573 2315 iniecta
598 2253 764 2336 splendida
784 2252 999 2333 mensurnam

228 2356 347 2417 Ebrius
367 2359 510 2417 incinctis
529 2355 695 2437 philyra
717 2357 848 2418 convica
869 2357 991 2440 cupillis

297 2455 421 2537 Saltat,
452 2466 483 2519 et
502 2459 683 2540 imprudens
703 2462 835 2527 uertitur
857 2466 926 2519 arte
947 2462 1036 2520 meri.

127 2555 305 2620 Athenaeus
329 2562 427 2619 uatem
449 2556 529 2638 XV,
553 2556 628 2622 679.
655 2578 682 2624 e.
712 2562 790 2622 inter
813 2555 1117 2624 ceteruooronnrunn
1138 2574 1256 2636 genera

126 2662 338 2722 commemorat
359 2661 449 2723 etiam
471 2655 629 2745 panvinium
650 2660 816 2740 (Στέφανον,
838 2661 923 2722 ouius
943 2661 988 2722 sic
1004 2659 1170 2720 meminerit
1184 2657 1254 2719 Xe-

126 2760 254 2824 narsbus
279 2761 409 2824 comicus
430 2762 460 2822 in
475 2759 574 2825 Milite
593 2759 659 2844 (l'r.
684 2761 732 2826 13.
753 2762 846 2824 Mein.
871 2758 919 2823 ed.
943 2760 1009 2821 min.
1032 2781 1063 2841 p.
1084 2757 1183 2842 815J:

178 3057 210 3124 6)
233 3055 279 3110 Sin
305 3060 408 3129 pridem
434 3064 577 3130 acceperat
600 3059 741 3130 Bittigoi,
768 3065 809 3116 oni
835 3063 997 3117 nouissimus
1015 3061 1096 3119 Plinii
1122 3065 1256 3132 interpres

232 3147 347 3198 accessit
363 3143 486 3215 Sillig.
522 3143 690 3214 interpunxit
715 3149 783 3200 enim
803 3145 846 3199 hic
865 3149 927 3201 item
947 3147 1039 3202 atille
1050 3154 1122 3218 post
1138 3146 1163 3205 i,
1181 3151 1256 3201 sutili

231 3227 283 3295 (so.
297 3232 443 3298 coronae),
463 3235 492 3285 ut
508 3232 568 3300 ipse
588 3229 708 3284 seribere
725 3232 820 3285 maluit
837 3247 887 3300 pro
906 3247 939 3286 eo
959 3231 1031 3301 quod
1048 3235 1077 3287 in
1095 3232 1173 3288 libris
1191 3249 1255 3288 mse.

230 3311 346 3368 babetur
370 3317 461 3390 sutilis
486 3321 532 3368 aut
555 3313 699 3384 notit-ibus..
723 3313 824 3379 „Quae
843 3320 1020 3383 uox‚“.ait,
1047 3334 1153 3389 „quum
1173 3318 1254 3388 vulgo

232 3398 268 3451 sd
285 3402 427 3469 sequentia
447 3398 600 3465 reseratur,
618 3396 743 3466 Bottigsr
762 3401 790 3453 in
807 3400 909 3469 Sabina
928 3409 951 3466 1,
971 3403 1032 3456 242.
1052 3388 1111 3455 earn
1129 3407 1202 3455 reete
1221 3400 1256 3454 ad

229 3484 326 3549 priora
346 3479 447 3546 retulit,
468 3482 570 3535 lrustra
587 3481 751 3550 obloquente
769 3482 890 3536 Reekero
910 3486 937 3535 ln
957 3481 1036 3537 Gallo
1053 3489 1080 3549 2,
1097 3487 1159 3540 215.
1180 3484 1223 3539 ou
1231 3492 1256 3542 1.

230 3563 296 3632 [lll,
317 3567 376 3619 ote.
405 3565 444 3620 ed.
465 3564 522 3631 2.].,
552 3567 598 3634 qui
623 3563 656 3617 ne
682 3568 791 3619 coronis
814 3567 938 3620 sutilibus
965 3568 1090 3622 securata
1116 3544 1255 3637 disputabs

230 3651 289 3718 ipse
310 3652 400 3700 monet
418 3660 535 3699 coronas
555 3645 660 3700 indicas
680 3661 696 3699 a
714 3648 841 3701 sutilibus
859 3649 1079 3719 longe-diversas
1094 3651 1187 3707 luisse.
1213 3653 1254 3708 Aci

230 3748 256 3788 u.
274 3735 366 3800 petitis
389 3745 422 3786 ex
440 3733 581 3801 superiore
601 3734 710 3784 coronis
731 3739 771 3786 est
790 3732 975 3803 supplendum.
985 3737 1002 3762 ‘⁶
1043 3734 1097 3790 iles
1115 3735 1255 3792 lndioase

229 3815 308 3869 naruli
333 3813 401 3869 lolio
418 3821 445 3870 ct
463 3823 538 3870 veste
558 3819 660 3883 serica,
682 3818 824 3890 ,naturales
840 3821 940 3889 opinor
958 3819 1040 3877 liores
1057 3824 1193 3890 imitante,
1212 3823 1253 3876 ia·

230 3907 287 3955 otas
303 3905 418 3971 tangunt
435 3898 573 3968 Martialis
592 3901 664 3968 Xlll,
676 3906 730 3960 bt:
794 3962 797 3967 ,
820 3944 823 3949 -

335 3987 423 4038 Teuta
440 3988 512 4038 rosis
531 3988 650 4053 fortusse
662 3988 715 4040 tibi
732 3989 774 4039 oet
792 3989 905 4040 diuite
920 3991 1046 4052 uuordo,

366 4072 401 4122 At
420 4071 485 4124 milti
498 4072 531 4123 de
551 4073 638 4123 turdis
653 4074 728 4139 suctu
746 4089 846 4126 corono
861 4074 957 4139 pluent.

231 4156 256 4204 et
277 4149 401 4208 Lucanus
421 4152 507 4209 rnars
528 4153 568 4217 X,
588 4158 653 4211 163:

275 4285 279 4289 .
330 4238 469 4305 Accipiunt
487 4247 577 4291 sertus
594 4241 681 4292 nardo
698 4241 813 4303 {ternuc
831 4256 946 4295 coronus

334 4322 370 4372 Et
387 4318 559 4400 nunquam
577 4325 742 4390 {optento
762 4339 855 4378 roso.

1027 4354 1086 4472 13¹
