2768 4838
118 255 181 321 106

126 444 208 528 quod
230 446 326 527 ipsum
350 436 521 524 philosophi
544 435 735 520 Pythagorei
759 441 871 503 acriter
893 441 1122 521 impugnabant.
1170 441 1253 506 vioe

125 547 221 612 Orchi.
267 547 269 551 '

227 669 258 714 v.
282 649 313 711 2.
357 647 498 709 cohihent
520 647 663 728 pulueris
682 647 792 726 exigui
805 653 910 726 parca
931 643 1077 730 munera]
1122 645 1253 728 Saepe·

125 768 247 813 numero
267 748 378 812 Graeci
395 750 423 809 in
447 747 675 829 epigrammatis
700 747 821 827 καιὲχει
840 744 892 806 vel
915 747 1044 810 κέκευθε
1065 743 1148 823 κόνις
1171 745 1257 827 τινά,

126 855 159 915 ut
182 851 345 932 Antipater
365 850 432 914 siu.
453 851 483 911 in
503 850 556 911 Br.
579 848 668 911 Auai.
692 846 731 908 ΙΙ.
761 866 792 928 p.
815 847 867 910 27.
890 851 972 911 extr.
995 849 1100 927 (Stoii.
1124 848 1255 913 Anthoi.

125 954 155 1034 i,
174 951 263 1035 85.]=
294 938 427 1034 Kero'yra
447 955 608 1032 Πίνδαρον
632 948 685 1013 ἅδε
706 945 799 1023 κόνις.
842 950 929 1034 Quod
950 953 1046 1032 ipsum
1069 952 1096 1010 si
1120 950 1158 1011 ad
1185 951 1253 1012 Ho-

126 1058 195 1120 ratii
215 1055 313 1118 locum
332 1054 542 1137 explicandum
565 1052 707 1114 adhihere
732 1052 895 1131 vellemus,
918 1053 987 1115 iude
1007 1052 1149 1135 proiecto
1171 1071 1251 1113 sen-

126 1159 222 1223 tentia
246 1158 416 1238 existeret,
438 1175 516 1240 quae
531 1166 594 1218 'ncc
617 1173 682 1217 cum
703 1156 740 1216 iis
761 1171 838 1236 quae
857 1166 907 1216 vr.
930 1150 984 1218 ni.
1006 1155 1150 1236 teguntur
1171 1175 1252 1220 con-

124 1263 225 1326 staret
245 1277 301 1323 ucc
321 1258 384 1323 ulio
402 1264 495 1342 pacto
516 1278 581 1322 cum
604 1258 670 1320 tota
691 1257 808 1319 ratione
824 1259 962 1320 carminis
979 1259 1118 1340 componi
1131 1262 1253 1341 posset.

123 1361 353 1426 Recordandum
374 1380 450 1424 vero
473 1361 627 1424 Horatium
646 1357 677 1418 h.
701 1357 720 1419 1.
744 1357 781 1421 dc
813 1363 938 1423 morte
964 1358 1048 1442 loqui
1077 1362 1109 1424 vi
1131 1365 1252 1442 tempe-

125 1464 215 1527 statis
236 1465 274 1524 in
296 1463 411 1524 undis
433 1462 573 1542 iliata,
597 1476 677 1543 quac
691 1460 864 1531 ,veteribus
881 1464 939 1524 iam
960 1463 1029 1525 inde
1053 1464 1090 1526 ab
1116 1463 1252 1527 Homero

125 1569 220 1646 poeta
253 1565 442 1627 atrocissima
471 1564 541 1627 vira
573 1563 631 1641 sit,
662 1562 798 1642 quonian
830 1564 1101 1642 iustioreiigiosis
1130 1567 1275 1630 careret

126 1665 207 1748 (vid.
225 1666 265 1729 ad
288 1664 323 1729 C.
345 1665 368 1746 i,
390 1665 421 1747 3,
449 1666 524 1741 17).
567 1663 633 1725 Hac
657 1663 752 1741 igitur
768 1664 915 1746 ¹opinione
937 1667 1045 1730 cinctus
1066 1668 1250 1751 pulveris

126 1769 267 1847 exigui
291 1787 420 1851 parva
442 1783 600 1829 munera
621 1784 680 1827 nou
700 1766 874 1844 dccxiguo
896 1769 1000 1848 spatio
1015 1770 1098 1855 quud
1117 1773 1251 1832 mortuus

125 1875 258 1953 occupat
278 1868 460 1954 (Diiienb.),
481 1888 538 1933 nec
560 1869 599 1932 de
622 1869 733 1932 tumulo
757 1868 902 1951 (Orchi.),
924 1872 980 1933 sed
1001 1871 1039 1933 de
1060 1872 1250 1951 „inliciendo

124 1980 172 2038 ter
193 1974 355 2055 puivere“
379 1972 556 2052 intelligere
577 1973 698 2037 debuit:
725 1991 804 2055 quac
827 1990 949 2035 munera
969 1972 1129 2053 Archytae
1152 1973 1251 2037 adhue

124 2079 280 2154 denegata
302 2074 489 2142 cohihent
510 2094 588 2156 eum,
614 2075 672 2140 hoc
692 2081 753 2155 esi,
776 2079 826 2158 qui
847 2076 964 2158 quidem
987 2079 1080 2147 vivus
1097 2077 1174 2140 adeo
1194 2097 1250 2138 sn-

123 2198 179 2260 pra
200 2181 249 2240 ias
273 2176 449 2241 mortalibus
474 2195 652 2240 concessum
678 2182 834 2257 evagatus
856 2179 967 2242 inisset
990 2176 1090 2261 (0.1,
1116 2178 1148 2259 3,
1172 2177 1250 2259 26.),

127 2283 154 2343 is
175 2282 233 2343 iam
257 2284 392 2342 mortuus
414 2298 452 2341 eo
476 2263 598 2358 inopiae
614 2272 756 2353 redactus
776 2283 835 2359 cst,
857 2280 883 2339 is
906 2280 948 2341 ita
970 2285 1139 2361 coercetur,
1162 2284 1253 2345 utne

125 2384 256 2447 ultimum
280 2382 397 2465 quidem
419 2369 634 2464 conquiescere
655 2384 764 2464 possit.
807 2380 942 2464 ideoque
970 2383 1038 2463 ipse
1068 2400 1106 2444 ea
1130 2402 1253 2446 munera

125 2507 157 2548 v.
166 2483 209 2549 23
218 2488 313 2568 sq.,ei
327 2483 370 2549 35
385 2504 431 2567 sq.
452 2486 541 2548 etiam
553 2487 649 2565 ‘atque
659 2486 748 2546 etiam
762 2484 925 2562 efflagItat.
944 2483 995 2549 -lta
1011 2486 1252 2567 prorsurcxpli-

126 2590 251 2654 mudum
267 2587 401 2653 videtur,
411 2584 597 2650 chodoch&
621 2586 800 2672 Quamquam
815 2587 897 2675 quod
909 2586 957 2650 hic
970 2587 1254 2671 iocuslnterpretes

124 2695 285 2774 tantopere
316 2691 438 2753 tur-hare
466 2690 582 2770 potuit,
618 2690 646 2749 iu
673 2706 710 2750 eo
739 2707 777 2750 ne
808 2691 876 2770 ipse
906 2690 1024 2772 quidem
1052 2696 1146 2771 poeta
1173 2693 1254 2753 omni

125 2795 216 2878 culpa
236 2794 408 2858 liberandus
433 2792 567 2855 videtur.
620 2791 696 2852 Nam
725 2793 825 2854 statim
855 2793 892 2854 ab
923 2795 1006 2856 initio
1035 2794 1174 2856 indicare·
1192 2794 1252 2855 de-

125 2899 209 2978 hnit,
241 2898 271 2959 io
301 2896 379 2978 quod
409 2895 487 2957 inira
511 2894 625 2956 demum
656 2897 885 2975 cognoscimus,
914 2894 1148 2956 inhumatum
1180 2912 1253 2956 esse

128 2997 310 3077 Archytam,
334 3014 420 3078 quem
442 2996 500 3058 hoc
522 2996 591 3060 loco
614 2997 755 3059 docemur
776 2995 816 3057 nii
839 2997 895 3056 nisi
918 3001 1065 3059 mortuum
1088 2997 1199 3058 iacere.

228 3118 261 3160 v.
285 3097 317 3158 7.
366 3098 488 3160 Occidit
504 3097 548 3182 et]
572 3099 693 3161 Fundus
713 3097 801 3159 huius
824 3099 1055 3179 consolationis,
1090 3099 1253 3180 quodiam

128 3196 269 3261 Muretus
290 3202 322 3260 ei
342 3199 503 3262 Lambinus
525 3203 641 3279 notant,
663 3203 712 3262 est
731 3201 892 3262 Homeri
914 3201 951 3263 ΙΙ.
964 3198 1079 3280 XVHi,
1093 3199 1161 3269 117
1181 3218 1253 3282 sqq.

130 3303 163 3362 et
182 3298 271 3379 xxi,
294 3298 356 3362 107
379 3320 483 3384 seqq,
512 3303 560 3372 uhi
585 3302 723 3366 Achilles
749 3303 797 3365 his
819 3303 925 3366 codem
949 3307 1127 3381 argumento
1149 3305 1255 3383 utitur,

129 3407 253 3465 mortem
274 3421 373 3487 aequo
398 3405 494 3467 animo
515 3423 587 3467 esse
609 3407 677 3468 ideo
699 3392 864 3486 icrenciam,
884 3406 963 3488 quod
984 3407 1069 3469 nautii
1089 3408 1254 3487 praestan-

128 3509 224 3568 tiores
247 3507 304 3568 viri
329 3525 394 3570 eam
419 3509 475 3569 iam
499 3509 637 3573 obierint.
679 3507 782 3590 ipsius
805 3514 905 3571 autem
927 3510 1023 3570 verha
1043 3512 1073 3570 in
1095 3508 1146 3570 iiio
1171 3508 1252 3586 ioco,

130 3611 179 3689 qui
200 3610 237 3671 ad
259 3608 335 3672 haec
356 3612 482 3691 propius
501 3614 635 3691 accedit,
658 3613 728 3674 sunt
747 3610 805 3674 hoc
826 3611 932 3673 niodoa

216 3705 287 3772 οὕδὲ
307 3706 368 3793 γιὶρ
391 3711 466 3776 coos*
486 3719 538 3793 βίη
556 3712 732 3796 Ἡρακλῆος
754 3710 849 3795 φύγε
872 3714 983 3793 κῆρα,

138 3852 141 3857 ·
216 3808 258 3881 ὅς
282 3834 354 3894 περ
377 3815 602 3896 φίλτατος’
591 3815 680 3878 ι’σκε
701 3819 768 3879 Διι
793 3809 1034 3898 Κρονίωιι”
1012 3829 1167 3877 nauare·

216 3907 328 3976 atti
313 3938 328 3976 a
350 3914 443 3997 μοῖρ’
466 3914 619 3999 ἐδάμασσε
638 3919 691 3978 καὶ
710 3914 866 4000 ἀργαλέος
890 3911 983 3997 χόλος
995 3913 1111 4002 &Haec

214 4008 255 4088 ὥς
277 4019 329 4077 και
349 4010 491 4098 ἔγωι-
514 4022 665 4100 κείσομαι.

131 4112 205 4178 (ium
229 4116 335 4200 quihus
358 4121 499 4182 conferas
523 4140 556 4182 v.
582 4119 612 4182 7.
632 4120 663 4184 9.
685 4117 729 4183 20
752 4139 799 4201 sq.
791 4162 818 4199 .,
841 4119 892 4182 cii.
916 4119 953 4183 0.
977 4118 1001 4200 1,
1024 4115 1075 4199 16,
1098 4116 1152 4180 22.

231 4254 275 4265 -
298 4222 429 4283 conviva
450 4220 591 4304 deorum]
618 4217 810 4304 (Τάνταλος)
829 4213 930 4297 Οὗτος
951 4218 969 4286 ὁ
988 4226 1063 4306 πρὶν
1084 4216 1258 4304 μακάρεσσι

86 4392 88 4398 Α
128 4320 298 4395 συνέστιος.
343 4323 546 4402 Wagner(
567 4323 660 4387 Corn.
683 4323 763 4386 Galli
783 4322 893 4404 Epigr.
915 4324 963 4405 ll,
984 4323 1027 4404 l·,
1053 4319 1177 4385 Authoi.
1201 4317 1256 4382 Gr.
