2768 4838
139 274 200 323 vm

244 437 388 511 catull.
415 442 489 509 ula

347 546 403 611 llle
425 547 464 608 mi
488 563 544 626 par
566 561 637 607 esse
659 545 717 607 deo
741 546 875 627 videtur,

347 649 417 729 ille,
440 649 468 710 si
488 648 536 708 ias
558 648 623 728 est,
648 664 793 727 superare
818 651 906 728 deos,

350 752 400 834 qui
421 751 531 812 sedens
554 748 702 811 adversus
723 748 884 813 identidem
908 752 940 812 tc

450 854 571 932 spectat
593 854 625 914 et
647 851 730 911 audit

350 953 437 1017 dulce
459 955 616 1033 ridentem,
637 954 747 1014 misero
771 952 851 1032 quod
874 955 969 1014 omnis

348 1058 440 1138 eripit
461 1074 570 1117 sensus
592 1053 660 1116 mibi
667 1075 676 1128 3
698 1073 765 1116 narn
784 1055 870 1117 simul
894 1059 936 1134 te,

349 1156 461 1221 Lesbia
484 1158 631 1238 adspexi,
653 1156 724 1218 nibil
746 1159 796 1218 est
818 1175 911 1238 super
932 1156 971 1216 mi

349 1360 470 1435 Lingua
493 1359 548 1419 sed
571 1361 685 1442 torpet,
710 1362 808 1424 tenuis
832 1361 888 1422 snb
912 1362 994 1421 artus

350 1462 465 1522 ilamma
487 1460 635 1542 demannt,
655 1465 755 1526 sonitu
778 1465 888 1541 suopte

349 1564 489 1627 tintinant
510 1580 610 1642 aures,
633 1565 755 1641 gemina
777 1565 923 1640 teguntur

454 1664 563 1725 lumina
584 1668 684 1727 noete.

244 1768 403 1832 ureret.
423 1763 478 1845 lll,
503 1764 580 1846 155,
602 1764 719 1848 Sappb.
743 1785 795 1828 vs.
818 1765 851 1830 9.
874 1784 942 1849 sqq.
963 1766 1005 1827 ita
1027 1765 1175 1827 imitatur:

312 1870 509 1950 sudoresque
531 1869 573 1930 ita
594 1868 801 1951 palloremque
821 1871 958 1932 existere
981 1871 1045 1931 toto

312 1990 453 2054 corpore,
475 1973 507 2034 et
529 1971 652 2048 infringi
672 1971 806 2048 linguam
830 1989 997 2052 vocemque
1013 1971 1134 2048 aboriri,

312 2076 449 2153 caligare
472 2073 595 2153 oculos,
624 2092 735 2134 sonere
756 2075 855 2154 auris,
881 2067 1038 2145 succidere
1061 2075 1157 2131 artus.

246 2176 323 2237 llino
346 2178 441 2254 igitur
452 2175 597 2236 llorotius
618 2175 772 2237 transtulit
792 2194 851 2236 non
872 2176 968 2238 solnm
991 2174 1106 2236 dulce
1128 2174 1266 2234 riden-

142 2281 217 2339 tem
236 2277 424 2356 Lalagen,
439 2275 554 2337 dulce
571 2275 806 2358 loquentem,
828 2277 883 2336 sed
898 2277 986 2336 etiam
1000 2275 1266 2359 c.1,13,5.sqq.:

313 2379 403 2441 Tum
425 2396 494 2440 neo
515 2393 619 2438 mens
642 2376 732 2439 mibi
753 2395 822 2440 nec
845 2379 958 2440 color

314 2481 434 2546 Certa
455 2481 547 2542 sede
572 2484 715 2559 manet,
740 2478 872 2542 bumor
894 2484 934 2545 et
955 2482 990 2541 in
1010 2500 1137 2558 genas

313 2583 459 2647 Furtim
480 2584 632 2646 labitur
656 2600 829 2661 arguens

312 2685 427 2770 Quam
452 2684 574 2746 lentis
595 2687 755 2766 penitus
776 2703 953 2749 macerer
976 2687 1156 2763 ignibus:

142 2788 301 2873 inquibus
323 2789 381 2850 vix
403 2788 563 2851 verborum
585 2788 804 2850 similitudinem
826 2788 1047 2870 deprehendas.

241 2891 374 2955 Similem
396 2892 648 2973 comparationem
669 2891 819 2971 praebent
834 2891 1044 2953 Palinurus
1066 2885 1264 2964 Virgilia-

139 3008 212 3054 nus
241 2995 273 3053 et
299 2991 504 3071 Archytas
531 2992 669 3069 Horatii,
704 2992 827 3071 eodem,
858 2994 939 3074 qnod
964 2993 1119 3071 utriusque
1152 2970 1266 3064 inge'nii

139 3094 292 3175 proprium
322 3094 388 3170 est,
413 3091 597 3168 discrimIne‚
627 3089 690 3148 vid.
707 3088 751 3149 ad
777 3089 813 3153 C.
834 3091 858 3170 l,
877 3089 931 3155 28.
975 3087 1265 3167 superemmens

141 3198 173 3258 et
195 3197 361 3258 certissime
374 3194 482 3274 plenae
500 3196 590 3275 atque
612 3191 753 3268 integrae
775 3191 947 3255 imitationis
963 3193 1101 3256 Graecae
1125 3188 1266 3268 exempla

140 3298 222 3378 apud
252 3300 374 3360 eeteros
406 3312 480 3355 sane
509 3311 585 3375 quos
614 3291 677 3352 dixi
704 3295 813 3372 poetas
841 3294 966 3357 Latinos
991 3293 1152 3371 leguntur:
1183 3291 1264 3371 apud

139 3396 296 3461 lloratium
321 3414 396 3458 vero
416 3414 493 3457 nuno
516 3396 588 3457 talia
610 3412 670 3455 non
693 3397 832 3477 exstent,
856 3400 888 3458 et
909 3399 1022 3460 netum
1040 3398 1169 3479 quidem,
1191 3414 1262 3458 ore-

140 3500 197 3582 do,
229 3501 405 3580 exstarent,
433 3499 460 3560 si
491 3499 587 3561 omnia
615 3496 705 3558 bodie
734 3514 854 3581 queque
884 3498 1066 3562 Graecorum
1100 3502 1262 3581 lyricorum

138 3603 325 3685 exemplaria
348 3603 509 3664 restarent.
559 3601 625 3686 Qua
653 3602 682 3662 in
703 3619 737 3662 re
761 3604 936 3682 superiores
953 3603 1162 3686 'Interpretes‚
1194 3600 1262 3664 la-

137 3700 267 3790 nius⁸)
288 3705 421 3785 inprimis
443 3703 851 3787 etbiitscberlichius,
874 3725 969 3789 saepe
993 3706 1261 3769 abveroaberra-

183 3921 216 3988 8)
236 3918 299 3986 „lle
314 3925 391 3989 poesi
412 3923 496 3994 lyrica
515 3921 661 3990 lloratii“‚
685 3929 747 3977 tom.
766 3922 787 3991 1,
808 3940 833 3993 p.
851 3931 916 3984 108:
942 3923 997 3989 „ln
1017 3924 1138 3992 plurimis
1157 3922 1262 3976 lloratii

237 4005 365 4076 operibus
391 4015 519 4079 apparet,
548 4025 607 4063 eum
630 4005 758 4065 Graecum
785 4017 891 4080 poetam
918 4009 1045 4062 habuisse
1072 4014 1133 4061 ante
1157 4008 1259 4071 oeulos,

237 4093 349 4145 maxime
372 4095 400 4145 in
425 4093 606 4162 descriptione
622 4099 649 4147 et
668 4096 838 4159 inventione,
864 4109 940 4165 quem
959 4092 1089 4146 imitando
1112 4107 1260 4162 conseque-

235 4182 324 4241 retur,
344 4177 399 4232 uel
418 4177 627 4231 traduceret
647 4179 750 4244 nde03
772 4180 922 4248 fragmenta
937 4178 1079 4247 lyricorum
1096 4175 1258 4230 Graecorum

233 4257 360 4316 babemus
381 4263 438 4317 sere
458 4261 517 4328 CC,
540 4276 652 4332 quorum
671 4265 783 4333 amplius
803 4265 822 4318 G
841 4266 869 4317 in
889 4262 1000 4316 lloratio
1020 4264 1191 4330 reperiuntur
1211 4276 1258 4314 ex-

232 4357 336 4410 pressa
372 4345 401 4399 Si
420 4362 512 4401 omnes
530 4347 608 4417 lyrici
620 4342 715 4402 Graeci
735 4347 822 4403 adbuc
840 4353 990 4414 exstarent,
1011 4347 1081 4400 torte
1101 4361 1155 4399 non
1175 4344 1257 4398 multa
