2768 4838
119 269 183 338 142

120 475 179 542 pro
198 452 382 538 ἆνατρίταν
400 448 455 518 τόν
473 453 678 532 καθεστῶτα,
707 448 762 516 τὸν
788 452 1048 531 αροστατοὶνταε
1075 450 1139 515 lert
1165 453 1263 517 erer-

120 560 180 642 lcr‚
199 559 251 622 tto
270 558 382 622 sonore
401 553 474 638 (tlon
490 551 686 636 llerrschait)
709 578 746 605 =
769 552 907 617 columen
929 571 1029 616 rernm
1054 551 1093 618 c.
1106 554 1262 637 11‚17‚4.

122 663 165 727 nt
183 662 229 728 lta
251 660 469 724 intellexerunt
485 655 605 720 liuhnlr.
622 657 706 719 ilict
728 657 760 718 in
783 655 909 718 Terent
925 654 1012 720 Gom.
1034 675 1111 736 pag.
1133 659 1208 724 stu
1229 666 1263 723 et

122 766 225 830 Klots.
238 764 316 827 hex.
328 763 395 826 Lat
436 760 501 824 Seri
520 777 559 821 ne
576 758 654 822 haec
673 758 795 841 quidem
815 757 984 839 explicatio
1003 756 1073 819 rulhi
1091 763 1263 839 probanda

122 868 264 947 videtur,
294 884 383 948 quoru
404 864 508 928 'altera
532 864 599 924 sinc
619 861 842 923 controversia·
855 860 951 938 longc
981 866 1133 941 praestet
1180 865 1261 927 Nam

121 988 187 1049 ogo
207 987 268 1034 nun
288 969 404 1048 dubito,
421 968 491 1049 quin
512 965 659 1028 Horatius
681 962 768 1025 huius
788 962 849 1025 loci
872 963 970 1025 ideam
991 982 1055 1025 cum
1082 966 1156 1045 ipso
1181 988 1260 1031 ura.

122 1074 214 1137 tionis
233 1072 338 1136 colore
363 1069 487 1132 luxerit
509 1086 550 1129 ex
574 1063 773 1144 Aeschyli
795 1065 884 1128 Pers.
908 1064 979 1129 159.
1002 1065 1114 1129 llinrl.:

225 1178 333 1237 Turiam
351 1165 387 1249 dr)
407 1165 529 1235 λυποῖτ’
544 1165 639 1233 iccirco
657 1166 1011 1250 χρυσεοστόλμους
1035 1165 1201 1249 δόμους,

224 1280 278 1341 καὶ
296 1269 332 1339 rei
355 1278 491 1358 Δαρείου
510 1297 545 1339 τε
565 1268 665 1354 νιίμόν
686 1266 790 1336 norvia
807 1267 998 1353 είνατῆριον.

221 1381 278 1444 sut
293 1401 334 1461 με
354 1381 484 1460 καρδίαν
504 1373 638 1458 ὀμόσσαι
658 1379 802 1460 φροντίς·
826 1374 858 1448 ἐς
879 1371 909 1439 ‹i'
925 1371 1004 1456 ίμᾶς
1026 1368 1089 1455 lor}

220 1485 345 1562 μῦθον,
366 1476 509 1561 ον’δαμῶς
532 1479 665 1559 ἐμαυτῆς
686 1473 755 1543 otlo’
774 1475 968 1561 ἀδείμαντος,
990 1482 1086 1559 φίλοι,

223 1574 272 1660 μή
292 1582 415 1663 μέγας
436 1583 610 1654 πλοῦτος
628 1583 798 1654 κονίσας
814 1576 936 1675 οὖδας
958 1577 1138 1668 ἀντρέψῃ
1159 1587 1257 1648 ποδὶ

222 1679 335 1764 ὄλβον,
355 1676 392 1747 ὃν
411 1690 546 1763 Δαρεῖος
569 1677 641 1768 ἦρεν
662 1678 719 1748 οὖν
738 1680 811 1747 ἄνευ
829 1685 914 1748 θεῶν
935 1680 1031 1757 τινός.

121 1783 217 1872 Quom
237 1786 336 1873 locum
356 1787 415 1849 ium
436 1784 558 1848 ltlltsch.
580 1785 721 1868 apposito
747 1785 952 1866 comparauit,
981 1802 1162 1868 quamquam
1192 1808 1256 1851 rom

122 1905 183 1952 auu
205 1891 350 1954 coniecit.
393 1888 459 1953 Sed
480 1890 548 1972 quis
571 1891 690 1953 euicui
716 1907 776 1951 non
795 1887 886 1970 plane
907 1889 1100 1968 perspicuum
1123 1891 1187 1970 sit,
1218 1910 1256 1953 ca

122 2009 204 2074 quac
223 1992 263 2056 ah
279 1993 407 2057 Horatio
426 1994 693 2056 commemorantur
715 2009 781 2054 oum
798 1987 959 2069 Aeschylo
979 1994 1013 2051 et
1032 2008 1075 2052 ro.
1089 1993 1122 2054 et
1146 1996 1256 2057 vertis

121 2091 318 2160 consentiret
352 2095 563 2159 Producuntur
584 2094 623 2156 ah
644 2093 699 2156 illu
724 2115 838 2176 rogum
857 2103 974 2181 moires
997 2096 1207 2160 harbarorum
1225 2109 1257 2161 a!

116 2202 275 2282 purpurei
295 2202 443 2280 tyramnis
479 2195 560 2279 apud
587 2193 671 2283 hunc·
691 2194 810 2259 Atossa'
827 2198 924 2259 mater
944 2195 1062 2259 Xerxis
1083 2199 1164 2260 curis
1185 2218 1255 2262 nne·

121 2303 216 2382 tuquc
248 2302 340 2364 anxia
368 2299 487 2383 proiit,
519 2303 620 2362 turres
645 2299 753 2381 rogia's
786 2296 946 2380 appellans
974 2294 1256 2383 χρυσεοστόλμους,

121 2403 229 2483 utputo
244 2402 376 2465 inrlrliuc
389 2402 600 2483 avaritiaeque
612 2400 714 2482 plebis
730 2419 818 2484 quam
830 2402 958 2464 maxime
977 2403 1149 2482 expositas,
1169 2405 1255 2468 sicut

122 2504 201 2568 Hor.
228 2506 315 2587 ipsus
338 2508 487 2586 tyrannos
517 2504 590 2568 elicit
617 2522 858 2586 purpureum
884 2506 1020 2568 metuunt
1047 2508 1147 2567 autem
1170 2508 1253 2588 apul

121 2604 219 2688 huuc,
243 2625 283 2671 nc
301 2608 453 2673 Fortunae
473 2608 624 2670 iniurioso
644 2607 728 2689 pede
748 2616 884 2670 stantum
903 2611 1079 2671 columnam
1097 2621 1260 2690 promota

122 2709 262 2774 similiter
283 2709 401 2773 Atussa
422 2690 639 2773 filtr‘teilcttatt
661 2700 764 2788 limet,
789 2703 832 2790 μή
860 2711 959 2792 μέγας
987 2716 1122 2775 πλοῦτον
1150 2707 1254 2777 ἄνα.

122 2812 248 2903 τρέψῃ
276 2816 373 2878 ποδί
397 2807 526 2898 (βιαίῳ)
554 2809 695 2895 ὄλβον,
724 2803 766 2874 ὃν
788 2816 923 2891 Δαρεῖος
945 2806 1027 2896 ἦρεν.
1064 2813 1165 2876 Vides
1186 2816 1255 2880 ierc

122 2916 220 2979 omnin
238 2917 318 2982 luter
339 2932 375 2978 sc
399 2934 497 2999 propo
519 2915 558 2979 ad
581 2915 721 2978 amussim
744 2915 940 2994 respondere.
994 2916 1070 2978 Nam
1097 2910 1194 2996 ὄλβος
1215 2911 1254 2982 ὃν

124 3022 258 3102 Δαρεῖυς
293 3011 366 3099 ἦρεν
393 3012 444 3081 est
475 3019 561 3101 quasi
597 3019 703 3079 erecta
734 3034 751 3078 a
782 3016 1070 3082 Baros-ielicitatis
1100 3018 1253 3082 columna.

124 3119 240 3205 Quodsi
263 3118 409 3182 lloratlns
437 3119 476 3182 ad
499 3117 649 3197 Aeschyli
678 3117 849 3201 exemplum
877 3123 1048 3203 composuit
1071 3120 1147 3182 illud
1167 3108 1255 3204 pede

118 3242 275 3307 proruere
294 3231 431 3284 stantem
451 3223 641 3301 columnam,
665 3219 839 3301 coniicitur,
862 3224 988 3286 utitem
1009 3228 1102 3305 atque
1122 3222 1174 3286 ille
1196 3244 1254 3289 re-

124 3325 198 3406 glau
217 3324 373 3390 felicitatis
396 3324 448 3388 vol
470 3324 586 3406 inperii
609 3321 727 3404 (οἵαν.
740 3321 797 3404 16)
820 3324 977 3405 fastigium
997 3326 1094 3388 veluti
1120 3329 1253 3391 exstru-

123 3429 202 3495 ctam
226 3426 374 3514 quandam
404 3427 512 3491 molem
540 3427 700 3505 cogitarit.
755 3425 856 3508 Atque
885 3432 921 3490 ut
949 3427 1020 3490 allhi
1051 3446 1109 3509 pru
1135 3426 1201 3492 hac
1219 3448 1253 3493 re

122 3530 301 3615 alrupliclter
322 3531 469 3614 apicem
493 3531 609 3614 posuit,
630 3532 676 3594 slo
696 3529 725 3592 h.
750 3529 770 3591 Ι.
793 3529 952 3607 imaginem
971 3529 1106 3592 suhlimls
1130 3536 1163 3595 et
1184 3551 1254 3595 ma-

122 3633 254 3715 gnificae
280 3633 481 3699 columnae
507 3633 671 3716 praetulit,
708 3650 796 3716 quum
824 3633 1008 3713 praesertim
1036 3650 1079 3694 ex
1102 3631 1254 3716 Aeschyli

122 3734 228 3799 vorhls
250 3736 319 3816 ipsa
341 3737 460 3816 „regia
478 3736 654 3799 suhllmihus
676 3736 738 3798 alta
757 3734 932 3798 columnls“
947 3737 1056 3798 mentis
1078 3736 1174 3799 oculis
1191 3739 1254 3801 uh·

122 3837 311 3899 venaretur.
353 3837 451 3900 Porro
472 3841 644 3902 staulam
667 3836 830 3900 columnam
863 3835 958 3915 (lixit,
990 3840 1025 3900 ut
1051 3855 1071 3900 c
1100 3841 1255 3915 contrario

123 3938 316 4005 lucentem
335 3941 454 4018 rugiam
468 3938 654 4021 cleopatrae
678 3938 851 4022 appellavit
875 3936 1094 4021 c.1‚37,25.
1140 3941 1254 4025 Utique

123 4041 221 4124 igitur
248 4040 503 4122 interpretandum
531 4058 661 4105 censeo:
701 4042 763 4105 die
803 4040 1090 4122 hochrageude
1122 4044 1255 4109 saure

124 4143 195 4208 ulcr
220 4142 481 4222 llorrschatt,
513 4141 569 4205 les
596 4143 791 4223 hiniglichen
820 4143 973 4226 Gliches,
1001 4147 1031 4210 i.
1052 4147 1072 4208 i.
1102 4146 1151 4211 lio
1173 4146 1255 4213 hohe

125 4244 306 4315 muscham
327 4247 380 4310 nult
396 4244 438 4310 all
460 4243 555 4309 ihrem
575 4243 672 4311 Glana
696 4248 754 4311 und
775 4247 964 4312 Roiohthum.
