2768 4838
577 460 803 542 Excursus

279 606 320 662 Ad
341 606 432 664 Horat.
450 606 482 697 ⁸C.
500 604 521 673 l,
538 613 581 674 37,
603 615 625 664 1.
645 607 705 664 coll.
723 588 817 663 Alcaei
836 604 942 679 Fragm.
964 613 1002 664 12.
1023 606 1100 666 Solon.
1210 670 1212 675 Α

225 766 283 831 list
308 783 422 847 operae
446 765 580 848 pretium·
597 765 714 844 videre,
737 763 888 846 quomodo
901 763 1048 826 Horatius
1070 769 1102 829 el
1117 763 1253 831 Alcaeus

122 871 181 935 boc
200 871 271 935 loco
293 871 352 932 slbi
374 870 502 932 Invicem
527 870 720 945 succurrant,
753 871 787 929 ut
816 858 1060 930 alterum-alter
1082 869 1119 930 ab
1149 869 1251 933 luter-

125 977 254 1056 pretunr,
277 972 356 1036 alter
379 969 594 1041 eGriticorum
618 971 732 1035 iniuriis
756 971 918 1046 defendat,
946 970 1063 1055 Quibus
1085 987 1175 1051 quum
1189 970 1252 1049 Al·
1339 1042 1342 1047 ,

124 1078 191 1139 cael
212 1075 364 1139 sententia
390 1092 541 1157 oppressa
563 1075 672 1151 iaceat,
695 1072 815 1134 Horatii
838 1073 1000 1136 obscurata
1022 1073 1082 1152 sit,
1112 1074 1139 1147 si
1162 1075 1252 1136 modo

124 1197 201 1243 vera
223 1179 305 1241 lllius
327 1177 426 1240 verba
447 1177 648 1239 revocaveris
663 1179 695 1237 et
708 1174 827 1256 paulum
848 1177 1041 1256 correxeris,
1057 1175 1178 1255 plenam
1194 1178 1254 1240 sibi

124 1282 221 1345 lucem
233 1281 346 1342 donant
361 1278 559 1359 debentque..
573 1278 607 1339 ln
622 1277 731 1341 Alcaei
746 1280 820 1342 enim
835 1279 1020 1358 fragmento,
1031 1278 1123 1362 'quod
1138 1264 1253 1347 sorve-

126 1385 174 1447 vit
204 1382 381 1447 Athenaeus
409 1379 458 1461 X,
489 1378 563 1443 430.
591 1380 648 1460 A.,
677 1380 719 1441 lbi
752 1382 886 1445 codicum
926 1400 1076 1445 consensu
1108 1384 1254 1465 scriptum

125 1488 232 1549 exstat
252 1488 309 1548 καί
323 1507 398 1547 τινα
413 1477 493 1565 πρὸς
520 1486 593 1562 βίαν
620 1493 772 1546 πονεῖν.
824 1482 912 1567 Quod
941 1501 1030 1564 quum
1056 1487 1131 1547 viris
1155 1486 1254 1550 doctis

125 1589 204 1650 omni
227 1604 335 1650 carere
354 1578 465 1647 idonea
489 1584 693 1665 explicatione
715 1585 880 1665 videretur,
904 1586 1041 1649 correxit
1053 1588 1166 1667 primus
1176 1575 1271 1651 Ful·⁴

125 1691 196 1752 vius
213 1689 340 1753 Ursinus
360 1693 460 1753 πίνειν
483 1693 515 1752 et
536 1687 644 1750 deinde
665 1686 865 1751 casaubonus
883 1692 976 1765 ’πίννα
998 1707 1039 1751 ex
1056 1690 1252 1755 Aculeuslurn

126 1812 201 1874 usu,
225 1808 321 1876 quam·
339 1792 541 1855 coniecturam
557 1809 636 1852 nuuc
658 1809 761 1853 omnes
776 1791 863 1854 velut
883 1810 1000 1855 sacram
1023 1811 1162 1855 aucorem
1188 1796 1255 1857 am-

126 1894 212 1976 plexi
236 1899 325 1976 sunt,
355 1896 518 1975 postquam
545 1892 642 1955 altera
667 1894 720 1956 ille
742 1897 775 1956 et
795 1894 862 1954 fere
884 1893 1022 1974 aequalis
1046 1900 1098 1959 καὶ
1120 1895 1257 1979 χθόνα

127 1995 207 2078 πρὸς
229 2000 303 2077 βίαν
325 1984 477 2072 παίειν,
507 2010 550 2056 ex
575 1993 693 2056 Horatii
716 1995 822 2057 verbis
845 1995 928 2056 lacta
952 1990 1020 2078 (ap.
1042 1997 1154 2061 Aeruil.
1173 2001 1257 2063 Por·-
1271 2056 1297 2081 ,ὦ
1330 2052 1333 2057 .

128 2103 190 2161 turn
222 2099 260 2162 ad
284 2097 387 2176 Lyric.
413 2097 467 2158 lrr.
489 2096 691 2175 Heidelberg.
727 2094 824 2162 1598.
852 2098 885 2158 et
909 2097 1040 2176 probata
1068 2100 1138 2161 olim
1169 2121 1258 2185 quoru
1278 2086 1289 2095 '¹

129 2200 197 2264 aliis
218 2203 280 2262 tum
300 2199 438 2262 Porsono
454 2197 540 2273 Adv-
562 2219 591 2280 p.
603 2197 673 2262 103.
695 2196 878 2282 ed.‘Llps.),
900 2199 1032 2280 explosa
1054 2206 1105 2266 esl
1123 2204 1161 2264 ab
1172 2205 1257 2268 Her-

129 2320 236 2365 manno
251 2301 307 2364 nl.
328 2302 409 2365 doct.
432 2305 518 2364 ruetr.
543 2299 609 2365 688
629 2321 695 2384 seq.
727 2301 833 2382 „Nam
856 2301 1021 2384 Horatius,
1044 2306 1145 2388 aiunt,
1169 2327 1256 2371 sunm

129 2426 213 2470 cuno
228 2406 312 2489 pedo
333 2404 428 2467 libero
442 2405 607 2488 pulsando
629 2406 833 2469 recensetum
857 2405 958 2466 ex-iis
980 2424 1058 2490 quae
1080 2410 1257 2491 sequeban-
1354 2388 1358 2397 ⁴

130 2512 179 2570 tur
207 2507 287 2589 apud
311 2506 458 2570 Alcaeum
483 2505 603 2570 bannire
635 2506 772 2588 poturae
822 2505 867 2569 At
896 2506 977 2571 solet
1006 2500 1152 2573 Horatius
1184 2512 1258 2575 talia

129 2611 231 2690 initia,
258 2627 335 2692 quae
366 2628 409 2672 ex
432 2609 560 2674 Graecis
582 2596 807 2688 exemplaribus
832 2610 896 2671 suls
924 2611 1017 2691 plano
1039 2632 1075 2676 ac
1098 2616 1258 2683 manifesto

125 2701 260 2778 consilio
292 2729 331 2774 eo
359 2716 393 2774 ut
420 2712 534 2789 insigni
561 2710 696 2772 exordio
723 2713 860 2773 uteretur
881 2714 914 2773 et
934 2714 968 2773 ut
990 2706 1088 2777 doctis
1107 2718 1210 2780 amicis
1230 2718 1261 2779 ln

131 2835 302 2880 memoriam
317 2814 501 2893 redigeret,
532 2814 675 2894 repetiit,
700 2814 765 2874 iere
786 2812 823 2873 ad
847 2812 971 2874 verbum
992 2815 1141 2898 reddere,
1168 2822 1222 2883 aut
1234 2820 1262 2881 si
1362 2814 1366 2822 ’

131 2923 212 2984 iorte
234 2930 293 2982 uon
316 2917 441 2979 verbum
455 2934 511 2998 pro
531 2915 629 2979 verbo
643 2914 753 2996 reddit,
773 2914 854 2979 solet
870 2917 969 2978 tanuen
990 2904 1171 2983 sententiam
1185 2939 1263 2984 ver·
1348 2984 1355 2993 ,,

132 3025 298 3105 bonumque
319 3022 390 3084 vim
430 3037 568 3082 servare
626 3017 659 3080 ld
690 3036 786 3100 quum
815 3018 1013 3081 certissimum
1047 3022 1089 3084 sit
1123 3027 1180 3087 et
1191 3014 1262 3105 plus

132 3126 287 3189 duodecim
316 3123 393 3187 locls
422 3123 474 3185 vel
499 3141 541 3184 ex
564 3132 622 3183 uuo
646 3120 778 3184 Odarum
806 3119 883 3182 libro
913 3123 1007 3202 primo
1028 3130 1149 3190 constet
1173 3124 1262 3210 (vide
1299 3182 1320 3195 ,,
1347 3186 1350 3193 .

133 3227 172 3290 ad
193 3227 293 3291 Garun.
315 3224 345 3307 l,
374 3224 432 3307 18,
465 3222 531 3311 l..)
573 3241 632 3287 uon
670 3224 765 3305 ipsam
795 3223 915 3306 quidem
944 3228 1147 3298 coniecturam
1176 3204 1338 3357 usum&

133 3327 239 3412 χθόνα
254 3366 290 3377 -
310 3333 406 3407 παίην
429 3324 526 3412 (quae
548 3327 618 3390 mibi
640 3327 824 3413 correctoris
839 3329 939 3406 magis
961 3347 1046 3410 quarn
1063 3336 1175 3412 poetae
1196 3351 1264 3394 ma·
1345 3320 1348 3325 ¹

133 3452 201 3497 num
231 3450 356 3514 eamque
387 3433 464 3494 satis
498 3432 650 3493 sinistram
681 3432 798 3491 referre
831 3429 1022 3510 videretur),
1055 3432 1111 3493 scd
1144 3433 1264 3498 Horatii

133 3540 243 3602 temen
256 3535 395 3610 vestigia
416 3535 543 3595 secutus
566 3534 662 3593 totum
686 3530 876 3619 orobetypou
904 3548 1032 3591 sanasse
1055 3516 1265 3615 mibivideor‚

135 3657 226 3722 quum
246 3654 305 3698 uua
329 3631 442 3696 vocula
463 3630 573 3693 leniter
594 3631 737 3694 restituta
758 3633 870 3713 scripsi
896 3638 951 3696 καί
972 3629 1024 3697 πό
1030 3635 1052 3697 d
1056 3661 1076 3698 α
1094 3629 1175 3716 πρὸς
1194 3639 1269 3717 βίαν

137 3735 261 3816 Πόνην.
297 3736 383 3821 Quae
406 3737 439 3796 ut
458 3734 566 3814 aperte
592 3734 776 3796 conveniunt·
796 3751 861 3797 oum
886 3734 1061 3799 Horatianis
1084 3759 1168 3801 πααα
1183 3739 1270 3823 pedo

136 3845 233 3907 libero
246 3839 411 3925 pulsando
434 3839 536 3917 rodus,
560 3837 602 3901 ita
615 3837 769 3918 proprium
783 3839 906 3921 aliquod
922 3844 954 3903 el
973 3840 1131 3919 singulere
1147 3842 1266 3906 utrius-

136 3962 197 4029 que
216 3942 332 4023 lngenli
354 3940 513 4005 discrimen
531 3940 711 4024 relinquunt,
731 3941 761 4004 in
786 3960 845 4024 quo
859 3944 928 4026 ipso
950 3943 1031 4008 baud
1053 3946 1118 4009 scio
1141 3945 1268 4009 anebs-

138 4046 276 4112 eonditao
299 4064 409 4114 caussa
431 4043 604 4127 quaerenda
627 4044 768 4108 veritatis
790 4047 841 4108 sit
885 4046 961 4109 Nam
982 4048 1061 4110 bene
1081 4065 1157 4110 saue
1173 4051 1267 4130 atque

139 4150 301 4229 eleganter
313 4140 470 4228 Horatius,
494 4165 583 4226 nunc,
605 4147 658 4225 ait,
681 4149 842 4231 postquam
863 4169 941 4212 αανα
962 4150 1270 4234 ποιαᾳαεθαεεανίε

139 4272 244 4315 rerum
265 4252 360 4315 coleti
382 4248 500 4347 (llpod.
520 4249 553 4331 9,
574 4247 665 4332 37)
675 4267 795 4333 sumus,
825 4251 923 4315 libera
943 4251 1065 4316 licentia
1098 4252 1268 4334 tripudian-

143 4354 212 4419 dum
229 4356 262 4420 et
274 4352 487 4421 exsultandum
503 4356 562 4436 ert,
585 4355 729 4449 quantum
744 4354 841 4426 etiosa
856 4355 945 4421 scinu
961 4345 1077 4422 laetitia
1092 4357 1210 4438 agitati
1216 4370 1277 4441 pe-
