2768 4838
123 166 188 235 190

122 355 184 436 iv,
205 355 244 435 3,
274 349 347 429 se,
372 349 528 432 111γίωῶ
556 345 657 408 medio
678 347 812 428 puluere
841 346 873 408 in
894 345 1008 409 Urbe-
1036 349 1255 432 fmbantai

124 458 307 528 mercatum
330 467 479 535 quumque
500 451 642 512 autumno
662 465 831 530 praecoces
847 446 1014 531 pleraeque
1039 450 1106 512 ia·
1130 450 1256 514 beieeis

123 561 210 637 sent,
232 555 370 622 studiose
392 550 588 616 sectabantur
608 550 707 631 pueri,
727 550 755 610 si
770 567 849 631 quae
869 571 973 630 seraa,
991 550 1148 616 Milesiae
1163 555 1258 635 opinor

123 662 176 723 aut
202 655 422 721 Praenestinae
453 656 506 715 aut
534 653 614 716 aliae
644 654 927 730 autumnales,
961 653 992 713 in
1022 651 1124 717 horto
1156 655 1259 717 diutius

122 769 336 838 morarentur,
369 759 403 818 ut
425 755 494 818 inde
517 755 606 816 etiam
635 755 753 817 domino
779 757 906 833 gratam·
923 772 1070 818 coronam
1092 760 1259 823 necterent

125 862 213 926 velut
232 860 350 924 Horatii
373 876 451 940 puer
471 856 528 919 Dci.
549 856 580 937 i,
600 853 737 936 38‚.3.=

226 963 319 1025 Mitte
337 963 467 1040 nectari,
490 980 563 1021 roso
586 981 645 1042 quo
665 961 801 1022 locorum

266 1063 349 1127 Seru
369 1071 506 1126 moretur
521 1057 578 1140 ³⁴).

123 1167 188 1232 Sed
211 1185 298 1250 quum
327 1163 425 1228 bienno
445 1167 529 1229 terra
554 1161 642 1224 Italia
670 1162 762 1225 flores
785 1161 851 1222 iere
873 1161 1006 1238 negaret
1031 1163 1090 1225 aut
1114 1162 1260 1244 pauculos

123 1271 305 1353 praeberet,
327 1285 383 1331 neo
406 1269 505 1328 tamen
526 1262 650 1326 biberoo
675 1267 812 1343 temporo
833 1279 969 1325 rosarum
991 1263 1067 1325 tiore
1093 1264 1129 1325 in
1153 1265 1260 1329 consi·

123 1375 184 1436 viis
207 1390 312 1435 carere
334 1367 469 1447 veilent,
499 1365 568 1427 buic
590 1364 741 1426 desiderio
764 1364 891 1445 primum
913 1364 1123 1428 occurrebant
1147 1383 1260 1428 rosa·

124 1475 194 1554 rii,
215 1476 265 1556 qui
288 1470 341 1534 vei
362 1471 432 1551 ipso
456 1465 583 1528 brumali
603 1466 653 1529 die
673 1468 870 1529 biberussa
896 1489 987 1530 rocas
1007 1467 1144 1555 venales
1166 1467 1261 1532 babe-

123 1577 214 1655 bant,
241 1584 314 1656 quas
341 1570 478 1633 Nilotica
509 1569 601 1629 tellas
632 1571 774 1632 mittebat
802 1571 938 1632 testante
968 1569 1118 1634 Martiale
1152 1571 1261 1655 epigr,

125 1676 187 1758 vl,
209 1673 269 1756 80,
294 1673 312 1737 l
336 1691 404 1755 seq.
421 1665 486 1751 ³⁵),
515 1672 568 1733 sut
590 1668 750 1751 Carthago
772 1669 956 1751 Hispaniae,
985 1671 1055 1753 ubi,
1077 1674 1156 1737 item
1178 1676 1262 1738 utin

123 1778 241 1842 Pbarils
265 1777 325 1839 iliis
345 1773 464 1852 bortis,
497 1774 580 1836 teste
599 1773 698 1863 Plinio
719 1774 742 1836 i.
766 1787 792 1836 e.
814 1773 849 1856 3.
875 1772 924 1838 19.
944 1775 1045 1837 Deme
1069 1784 1141 1838 tota
1157 1799 1263 1861 pras-

124 1902 182 1945 cos
204 1884 272 1944 erat
292 1897 373 1942 rosa.
424 1875 544 1939 Deinde
566 1892 644 1937 vero
669 1876 861 1939 monstrificis
884 1875 1029 1940 bominum
1048 1879 1193 1958 ingeniis
1212 1884 1262 1944 in·

123 1987 219 2046 venta
247 1984 297 2045 cst
324 1981 403 2044 ratio
433 1981 463 2042 ia
494 1980 564 2060 ipsa
593 1996 712 2060 quoque
742 1978 830 2041 ltalia
856 1978 999 2042 bibernas
1028 1997 1123 2044 rosas
1155 1988 1193 2047 et
1214 1988 1265 2049 sat

123 2086 232 2150 nouitas
259 2083 416 2147 educandi.
471 2081 556 2142 Virro
584 2082 661 2142 enirn
688 2082 830 2145 conditus
860 2099 915 2144 eas
937 2101 955 2144 a
975 2082 1150 2162 frigoribus
1176 2090 1263 2153 tuta.

122 2188 232 2250 bantur
263 2190 354 2267 atquc
380 2177 649 2269 festinaboat³⁰].
694 2184 743 2245 Ac
771 2202 808 2246 ne
836 2182 893 2246 bas
920 2185 1039 2267 quidem
1060 2185 1261 2258 hibernas

130 2354 330 2369 m

157 2447 206 2518 34)
223 2448 268 2501 Sic
285 2463 398 2517 prorsus
418 2446 602 2516 explicandum
621 2447 741 2514 uidetur,
769 2455 799 2504 ut
819 2452 963 2521 explicavit
981 2451 1218 2512 Winstemana
1236 2476 1261 2529 p.

226 2535 270 2589 46.
289 2536 346 2588 not.
371 2539 413 2589 37.
465 2529 532 2584 Nam
560 2533 684 2600 poeticae
709 2535 811 2589 rationi
835 2540 961 2591 carminis
988 2544 1139 2608 etpoetas
1167 2544 1262 2599 verbis

226 2620 294 2673 satis
314 2620 454 2688 expressis
468 2631 561 2687 parum
580 2618 714 2673 consuluit
732 2617 864 2687 Opellius,
877 2626 929 2693 ,qui
944 2640 1021 2677 saca
1039 2635 1180 2680 moenam
1199 2630 1262 2684 ilias

227 2720 312 2756 erososv
325 2705 397 2775 apud
415 2719 574 2759 coronarum
594 2704 723 2774 propolas
747 2709 883 2774 repositas
910 2724 970 2762 csse
986 2707 1078 2765 sciuit
1114 2708 1173 2764 inno
1196 2729 1261 2769 vern

227 2793 290 2842 sunt
314 2791 481 2842 autumnales
506 2805 587 2841 rasos
604 2789 813 2858 intelligendae,
838 2793 867 2845 in
893 2807 1005 2864 quarum
1023 2809 1134 2849 numero
1154 2795 1262 2854 Plinius

229 2871 309 2939 xxi,
334 2877 353 2929 4
376 2874 455 2943 (10),
481 2878 507 2946 §.
534 2879 576 2932 19.
600 2880 710 2944 praeter
733 2874 868 2931 Milesiam
895 2883 923 2930 et
946 2877 1149 2934 Praenestina·
1178 2887 1261 2938 etiarn

229 2959 394 3011 sanctolum
421 2958 521 3023 taient,
556 2973 657 3030 eaeque
675 2976 745 3014 norro
770 2975 830 3014 esse
856 2962 1259 3023 videnturbiiierbecbio

228 3040 303 3095 Flor.
328 3042 408 3096 class.
434 3059 461 3111 p.
481 3048 539 3097 133.
568 3041 641 3097 Rosa
666 3043 833 3099 Damascena
856 3045 887 3102 a.
911 3048 1015 3118 pallida
1038 3047 1068 3103 R.
1094 3054 1260 3109 autumnalis

229 3124 360 3189 odorata3
386 3124 418 3178 de
441 3124 608 3183 Damascena
632 3134 722 3181 umen
745 3130 851 3184 dubitat
874 3130 1103 3189 Winstemann
1128 3151 1193 3208 pag.
1215 3143 1260 3196 4ο.

228 3213 294 3261 nota
314 3211 353 3272 8.,
372 3209 443 3278 qnod
463 3223 496 3263 en
515 3209 621 3280 quidem
638 3224 709 3264 anno
729 3211 831 3267 demum
850 3222 926 3272 1100.
945 3232 979 3271 ex
997 3216 1116 3274 Orientis
1133 3223 1260 3291 partibus

228 3298 256 3348 in
275 3292 491 3363 Franeogaiiianr
515 3294 668 3349 introducta
694 3298 738 3350 sit.
779 3295 810 3350 in
835 3298 901 3353 Asia
920 3315 1001 3356 rosae
1019 3305 1107 3358 serius
1120 3309 1208 3362 'etiam
1227 3324 1260 3364 ac

227 3394 313 3449 paene
338 3385 397 3433 tota
421 3378 506 3434 bieme
532 3379 581 3433 sub
607 3379 670 3435 diso
698 3382 880 3437 morabantur.
914 3383 987 3444 Flor.
1009 3386 1078 3458 Epit.
1096 3387 1136 3456 11,
1161 3396 1195 3458 8,
1216 3398 1259 3453 9.:

169 3493 173 3500 ·
228 3468 334 3519 scitatis
352 3467 468 3534 undique
487 3467 605 3534 qasomvs's
622 3482 672 3534 per
692 3469 800 3520 biemem
818 3471 899 3522 rosis.

90 3614 93 3619 .
157 3562 205 3630 35)
298 3568 332 3617 Ut
350 3581 420 3617 noca
439 3567 510 3617 dono
527 3565 590 3627 tibi,
614 3567 730 3630 coesus,
750 3569 872 3620 Nilotica
887 3571 967 3622 aetna

350 3651 465 3701 Miscent
489 3650 612 3702 hibernos
631 3652 773 3705 ambitioso
789 3669 885 3706 rosas:

296 3734 396 3785 Navita
415 3734 510 3785 derisit
529 3736 644 3786 Pbors‘cs
663 3738 849 3802 Mempbits'cus
869 3740 970 3803 bertus,

355 3816 435 3870 Urbis
453 3826 482 3869 ut
499 3821 610 3870 instravit
628 3821 721 3871 limiam
738 3824 828 3889 primo
845 3831 915 3878 tace.

229 3899 284 3953 Gir.
304 3899 551 3971 brabancia
570 3905 646 3967 430.,
665 3901 752 3958 Rein
770 3909 799 3960 in
817 3906 932 3964 Beckeri
954 3905 1032 3965 Gallo
1046 3908 1078 3964 T.
1092 3908 1138 3967 ili.
1158 3929 1184 3982 p.
1204 3915 1260 3981 34..

229 3985 456 4041 Wbstemnnn
474 4005 504 4058 p.¹
518 3991 562 4043 47,

160 4082 209 4151 36)
227 4081 347 4138 Martiai.
367 4083 462 4157 Epigr.
480 4082 529 4150 lv,
548 4091 599 4151 22,
618 4087 649 4140 5:

297 4169 451 4221 Condito
466 4170 506 4221 sis
522 4185 591 4237 porc
608 4181 782 4228 cernerentur
803 4177 862 4228 lilio
881 4178 988 4240 citro,
1059 4216 1062 4222 .

333 4254 379 4305 Sis
397 4253 519 4322 probibet
535 4261 642 4310 secans
656 4273 759 4329 pemmo
776 4262 861 4313 latere
878 4278 965 4317 rosas.
