2768 4838
120 260 187 327 soti

123 452 200 515 clun
236 450 287 512 vel
316 451 419 532 potius
453 451 623 513 memoriam
654 452 760 512 mortis
790 453 938 534 electum,
978 477 1040 538 quo
1071 462 1176 540 uagis
1207 465 1252 524 iu-

125 554 271 616 cilauetur
291 553 409 616 laetitia
419 547 485 628 θὴς
505 555 539 615 at
559 569 624 615 eam
645 555 790 621 rationem
813 574 917 637 nemo,
939 559 1019 639 quod
1044 563 1153 644 sciam,
1175 568 1253 628 scri·

123 659 245 736 ptorum
277 661 421 741 ueterum·
446 655 568 733 ntulit,
606 658 640 718 et
672 660 853 719 contrarium
879 659 953 722 licet
977 661 1085 741 colligi
1117 685 1137 726 e
1169 667 1254 730 l‘linii

126 759 233 820 verbis
253 758 332 838 XX,
359 759 396 823 ll
421 758 514 843 (44],
546 759 581 843 §-
600 756 673 826 113.
695 759 823 823 dicentis
842 739 958 842 apium,
989 766 1070 846 quod
1089 767 1253 834 deiuncta-

126 879 190 922 runo
213 860 312 941 epulis
334 863 480 925 toralibus
505 861 633 925 dicatum
656 863 714 941 sil,
743 862 813 924 ideo
836 865 1020 944 quorundam
1041 873 1197 935 sententia
1218 874 1253 934 ad

125 962 211 1024 cibos
233 964 547 1045 nonadmillendum,
576 965 662 1026 immo
693 966 810 1027 omuino
835 967 925 1029 ueias
947 986 1034 1031 esse:
1064 976 1154 1035 certe
1180 975 1253 1037 idem

125 1063 241 1126 Plinius
263 1069 413 1130 coronarii
434 1070 494 1150 apii
508 1069 685 1129 mentionem
703 1085 848 1148 nusquam
866 1070 950 1133 iecit.
995 1072 1091 1158 Quam
1110 1077 1254 1158 frequens

126 1170 226 1233 lamen
247 1167 296 1232 hic
316 1187 391 1229 usus
414 1172 481 1234 eius
501 1169 581 1251 apud
602 1169 739 1232 Graecos
759 1171 878 1253 quidem
899 1173 992 1236 tuerit
1015 1177 1179 1256 popularis
1199 1179 1254 1240 de·

126 1260 275 1335 monstrat
309 1272 461 1337 cantilena
498 1273 662 1358 quaedam,
696 1291 784 1354 quum
815 1273 964 1336 saltantes
992 1277 1200 1344 decantabant
1226 1283 1254 1342 io

128 1374 390 1437 comissationibus
413 1374 556 1459 (ἄνθεμα
576 1392 633 1439 seu
655 1375 782 1438 ilores
806 1375 995 1461 vocabant),
1016 1381 1104 1442 cuius
1127 1385 1255 1446 meminit

127 1473 309 1538 Athenaeus
328 1476 416 1539 XlV.
438 1501 469 1561 p.
493 1479 559 1545 629
578 1497 627 1541 c:

333 1587 406 1648 Ποῦ
425 1608 480 1666 μοι
499 1578 539 1646 aui
559 1577 652 1664 ῥόδα;
676 1584 738 1644 ποῦ
758 1606 813 1662 μοι
835 1575 873 1644 sui
891 1581 941 1659 i'u5

423 1688 485 1750 ποῦ
506 1709 561 1768 μοι
581 1679 627 1747 sui
644 1677 743 1763 actui
762 1684 919 1762 σέλινα;

334 1794 405 1854 Ποῦ
426 1800 481 1870 μοι
503 1791 574 1852 scell
594 1779 634 1850 sci
654 1782 748 1871 ῥόδοις
770 1789 843 1850 ταδὶ
861 1781 899 1850 roi
921 1787 972 1866 i'a3
1099 1810 1102 1815 ·

368 1954 370 1959 .
420 1882 674 1959 ratiocinati
695 1889 850 1970 σέλινας

85 2075 88 2079 7
127 1990 219 2055 Adde
237 1991 394 2058 Theocriti
417 1995 462 2058 ld.
483 1993 521 2075 3,
551 1992 592 2059 21
615 2010 721 2074 seqqz

185 2178 191 2185 ,
227 2089 292 2159 Tor
313 2099 469 2180 στέφανον
493 2103 578 2161 silai
597 2119 635 2177 με
656 2091 859 2159 saderiano
881 2089 979 2158 λεπτά
999 2105 1155 2174 ποιησεῖς,

231 2196 296 2263 Τόν
317 2226 366 2275 τοι
387 2196 484 2283 ἐγών,
503 2195 674 2281 Ἀμαρυλλὶ
693 2201 784 2281 φίλα,
811 2207 933 2262 ascolo
952 2194 1111 2282 euticeo,

189 2297 193 2308 '
229 2297 401 2383 Ἐμπλέξας
422 2299 585 2366 soliacum
604 2305 658 2364 καὶ
674 2297 833 2383 ottonom
851 2305 1042 2376 σελίνοις.

127 2403 186 2466 Ubl
207 2409 316 2487 pastor
336 2405 454 2486 quidum
471 2420 610 2466 coronam
628 2405 758 2482 gestans
779 2422 820 2467 ex
840 2403 955 2467 hedera
976 2385 1101 2487 iactam,
1123 2403 1253 2467 intextis

127 2507 207 2566 rosis
237 2510 330 2589 atquc
361 2508 448 2588 apio,
485 2506 627 2570 decantat
651 2511 986 2595 -ιιιιριιιιιλαιιιιίθιιροι.Ι
1014 2502 1065 2570 Ac
1095 2504 1253 2588 Sapphoni

126 2599 246 2676 Alcaeo
266 2609 453 2674 Anacreonti
484 2611 544 2691 apii
574 2628 703 2674 coronas
727 2611 757 2670 iu
783 2609 935 2691 frequenti
961 2628 1018 2671 usu
1041 2609 1139 2671 inisse
1162 2627 1253 2691 supra

125 2708 256 2774 vidimus
276 2732 308 2795 p.
333 2712 400 2778 163.
423 2732 492 2797 seq.
534 2712 677 2777 Notabile
706 2710 939 2776 uero‘scholion
961 2710 1157 2775 Acconis-ad
1186 2712 1252 2774 ilo-

126 2814 195 2875 ratli
227 2813 328 2879 (barm.
358 2816 420 2898 iv,
450 2816 510 2897 ll,
538 2815 587 2880 3.:
615 2818 666 2878 vel
693 2819 785 2902 qaia
814 2817 993 2883 Alcaeus
1011 2818 1254 2899 frequenter

126 2917 299 2981 sedicit
323 2923 420 3004 apio
445 2922 655 2983 coronari.
673 2959 723 2997 ..,
752 2920 804 2980 vel
831 2921 904 3001 quia
932 2918 1055 2980 tardius
1077 2917 1255 2998 deponatur

125 3022 181 3101 qoi
204 3023 345 3103 prandet
371 3026 444 3106 apio
468 3031 644 3085 coronatas.
692 3021 770 3083 Nam
799 3014 999 3098 chuononis,
1027 3021 1155 3081 nisime
1177 3018 1255 3081 fallit

126 3125 277 3208 memoria,
298 3145 373 3188 unus
385 3125 530 3197 Horatius
551 3143 604 3206 ,sc
626 3110 961 3206 dicitapiuqcorouarl‘
983 3121 1041 3185 (ld.
1056 3120 1081 3203 l,
1104 3119 1159 3204 36,
1185 3120 1253 3185 15.:

329 3227 404 3307 Neu
423 3229 526 3291 desim
544 3228 644 3310 epulis
664 3244 756 3288 rosae
824 3264 826 3268 ι

371 3330 445 3394 Neu
465 3322 711 3410 oioac'upicm
735 3347 798 3390 ceo
818 3329 912 3390 broce
933 3329 1040 3390 liliam.

126 3531 327 3542 —u--a-—nu-u

129 3666 131 3670 ’
156 3672 206 3743 64)
224 3673 292 3728 Vide
311 3677 396 3745 ipsum
418 3674 452 3727 ad
470 3673 546 3745 Virg.
565 3672 621 3728 Ecl.
639 3677 670 3737 6,
696 3676 738 3731 68.
763 3687 820 3724 cum
845 3673 910 3723 nota
936 3669 1033 3724 Seruii·
1078 3666 1203 3723 (letarum
1222 3669 1253 3723 de

226 3759 335 3832 lugubri
364 3762 419 3829 apii
453 3775 503 3814 usu
533 3760 686 3813 accuratius
714 3757 838 3826 exposuit
864 3753 1032 3811 bleinehe
1065 3757 1093 3807 iu
1117 3753 1254 3808 Analectls

225 3843 415 3900 Alexandrinis
433 3861 459 3915 p.
477 3851 530 3909 82,
550 3846 596 3915 qui
615 3841 682 3896 bene
701 3841 821 3896 addidit:
840 3840 896 3911 „At
911 3838 995 3896 luisse
1010 3840 1089 3892 etiam
1104 3839 1151 3909 qui
1165 3840 1254 3908 apium

227 3931 358 3984 uictoriae
369 3931 516 4000 symbolum
534 3928 673 3991 haberent,
695 3927 792 3983 docent
806 3914 919 3998 quaeda
935 3922 1030 3980 Danao
1044 3924 1129 3979 reteri
1138 3921 1254 3994 Etymol.

224 4013 263 4068 hl.
281 4031 305 4085 p.
324 4017 392 4080 rte,
410 4021 451 4070 22.
478 4029 547 4084 quae
574 4029 605 4066 ex
629 4010 824 4082 integrioribus
853 4010 963 4066 Pindari
986 4004 1098 4065 scholiis
1123 4008 1158 4062 ad
1178 4007 1254 4082 Pyd.

223 4104 263 4163 θ,
284 4102 333 4159 185
352 4100 393 4158 ed
416 4098 482 4153 lilio.
506 4099 625 4152 desumto
644 4096 713 4153 aaut.
749 4097 872 4153 Herculis
899 4102 1002 4151 statuas
1024 4096 1088 4165 apio
1108 4100 1255 4148 coronatas

225 4191 413 4238 commemorat
430 4178 612 4238 Terlullianus
635 4184 666 4237 de
694 4184 755 4237 Cor.
781 4182 856 4237 milit.
876 4184 925 4238 7.“
959 4178 1036 4235 Adde
1059 4181 1139 4234 etiam
1166 4179 1254 4234 inlici-

224 4273 289 4325 tatis
308 4276 335 4325 et
355 4271 454 4340 longae
476 4272 547 4324 uitae
565 4270 626 4330 coll.
644 4286 721 4340 quem
740 4273 793 4325 iam
815 4266 962 4323 laudavero
981 4267 1088 4322 Acrone
1106 4263 1255 4320 scholiasta

180 4402 186 4412 .
224 4361 251 4407 ct
267 4370 345 4425 quum
362 4370 445 4425 supra
463 4353 571 4410 laudari
591 4352 705 4411 Fraasio
724 4356 753 4408 ln
771 4358 836 4407 uota
855 4356 897 4413 59.
1013 4344 1017 4349 ’
