2768 4838
351 402 392 479 5,
412 400 450 465 33
493 397 538 466 'sd
559 399 654 486 q‘n‘dov
674 400 712 466 ro
728 408 932 485 semesum

235 523 246 538 ·
495 503 697 587 mutem
715 506 909 587 ἁρμόσαντες

495 606 751 689 ιι’1ωμεν,ἇβρᾰ
770 615 927 691 γελῶντες.

350 707 411 787 36,
432 709 472 774 93
494 710 915 841 ΠοὴαὶπέςΜιΗιάρα·

494 810 548 887 doc
573 814 666 892 15,de
685 810 755 892 βάλ’
772 808 805 876 οἶ
806 843 870 895 ror,
890 812 1005 880 siner.

143 931 222 995 quae
245 915 364 995 quite·
384 919 621 995 conparaverit
645 936 710 977 can
732 917 906 979 Horatianis
927 917 1031 981 bisce.

143 1014 258 1092 odi,
281 1015 320 1092 4
340 1013 378 1087 9
400 1017 1281 1106 humdeeerourmdsmodeneapurmpedm

906 1133 1009 1204 meru

452 1227 524 1286 Aut
540 1225 637 1307 piore,
657 1233 763 1285 terroe
783 1246 874 1305 quem
891 1228 1010 1308 ferunt
1021 1229 1171 1291 solome.

140 1318 198 1379 0d.
219 1319 265 1396 ΙΙ,
290 1319 343 1400 ll,
368 1321 424 1386 143
448 1328 514 1389 Cur
534 1350 597 1389 nou
618 1369 713 1387 ......
736 1346 809 1387 rosu

475 1430 578 1490 Canos
596 1429 721 1489 odorati
737 1431 876 1509 capillos,

519 1531 605 1592 Dum
624 1532 711 1608 lieet,
740 1534 937 1614 Assyrioque
957 1535 1062 1595 nardo

427 1636 577 1696 Putamus
597 1633 708 1696 uach?
734 1636 878 1718 Dissipat
898 1636 1003 1697 Euius

433 1739 536 1800 Curae
557 1738 680 1799 edoces.
728 1739 806 1815 Quis
827 1760 910 1820 puer
927 1743 1014 1800 ocius

473 1839 664 1922 Restinguet
683 1842 824 1902 ardentis
846 1842 980 1902 Falerni

514 1945 634 2005 Pocula
650 1953 876 2026 praetereunte
893 1941 1045 2024 lympha?

432 2047 509 2123 Quis
529 2048 655 2108 devium
673 2057 808 2109 scortum
829 2049 931 2108 eliciet
949 2044 1067 2106 domm?

135 2151 220 2234 Quae
245 2149 376 2212 colorem
404 2167 480 2209 vere
503 2149 755 2211 Anacreonticum
783 2151 900 2211 referre
928 2147 980 2209 vel
1010 2147 1124 2208 omissa
1148 2148 1272 2209 Pseud-

135 2253 326 2314 anacreontis
351 2251 531 2311 auctoritate
552 2249 643 2310 docile
666 2250 827 2312 concedes.

237 2352 342 2432 Atque
364 2349 440 2412 baec
462 2352 647 2413 consuetudo
657 2351 839 2414 Graecorum
864 2350 1060 2414 amarioribus
1082 2350 1215 2428 tradita,
1238 2354 1270 2412 ut

135 2456 164 2515 ln
187 2457 261 2534 potu
285 2456 376 2534 atque
399 2452 552 2515 hilaritate
572 2454 664 2536 seriis
688 2454 789 2516 dorsis
814 2455 868 2517 vel
889 2454 1040 2530 frondeis,
1068 2454 1266 2534 maximeque

133 2558 286 2636 rosaceis,
310 2556 419 2638 quibus
441 2556 534 2634 caput
558 2556 734 2634 cingerent,
757 2559 930 2633 uterentur,
952 2572 1013 2616 non
1037 2555 1264 2616 florentissimis

132 2663 244 2723 tantum
268 2659 454 2740 temporibus
478 2656 626 2721 Graeciae
652 2659 797 2738 obtinuit,
827 2678 884 2720 nec
914 2660 943 2719 in
966 2676 1129 2738 paucorum
1151 2659 1262 2719 erudi-

132 2763 240 2827 tiorum
261 2762 462 2825 lautiornmve
489 2759 635 2822 honiinum
665 2762 747 2823 victu
775 2761 957 2842 permansit,
985 2761 1040 2822 sed
1068 2761 1097 2820 in
1123 2760 1263 2821 universi

130 2864 233 2947 popuii
257 2882 357 2926 mores
378 2861 472 2926 semel
493 2864 614 2925 inducia
634 2867 666 2924 et
682 2882 756 2925 vere
776 2864 933 2944 popularis
956 2864 1036 2925 iacta
1058 2880 1161 2925 eorum
1180 2880 1260 2925 con-

130 2969 225 3028 viviis
250 2983 371 3046 semper
393 2967 435 3027 ita
456 2968 579 3045 propria
603 2966 680 3044 init,
714 2971 746 3028 ut
778 2967 974 3029 accubitionis
1003 2948 1138 3045 epularis
1161 2964 1259 3026 laeti-

130 3071 200 3134 tiam
223 3069 287 3129 sine
310 3066 433 3128 corollis
464 3067 581 3128 omnino
611 3071 663 3128 aut
685 3069 863 3144 ignorarent
892 3072 945 3129 aut
966 3068 1074 3129 nullam
1096 3084 1168 3128 esse
1194 3087 1256 3147 pu-

129 3173 241 3235 tarent.
284 3167 399 3231 Scribit
427 3167 564 3228 lustinus
597 3168 660 3248 lX,
691 3167 721 3230 4.
759 3170 927 3252 Philippum
965 3187 1071 3246 regem
1108 3169 1257 3232 devictae

128 3272 278 3337 Graeciae
299 3269 445 3334 laetitiam
466 3288 550 3331 suam
574 3268 630 3332 hac
650 3289 684 3331 re
700 3272 918 3352 dissimulasse,
942 3271 1021 3354 qnod
1043 3273 1099 3334 itta
1122 3272 1174 3333 die
1189 3293 1256 3334 mou

126 3395 256 3439 omooas
284 3381 341 3437 aut
368 3381 531 3456 unguento
559 3377 733 3455 sumpserit.
783 3372 996 3454 Xenophontis
1019 3377 1117 3434 autem
1140 3372 1254 3434 milites

125 3497 214 3564 quum
238 3478 316 3542 inter
344 3477 548 3554 gravissimos
575 3473 698 3537 labores
730 3476 890 3558 aliquando
917 3477 1048 3557 quietem
1082 3474 1252 3537 1111111110-

124 3581 238 3645 niorum
271 3579 348 3641 vicis
377 3579 456 3641 nacti
487 3578 682 3659 epularentur
716 3582 749 3641 et
778 3578 904 3640 hiberno
937 3583 1073 3658 tempore
1108 3581 1253 3642 carerent

121 3679 262 3759 floribus,
285 3676 534 3759 deprehendimus
555 3685 655 3744 tamen
675 3681 946 3763 ἐστεφανωμένους
970 3683 1026 3744 τοῦ
1045 3682 1139 3762 ξηροῦ
1159 3685 1254 3760 χιλοῦ

120 3772 352 3864 στεφόιοιςω).
396 3780 535 3863 Denique
558 3801 600 3845 ex
625 3781 671 3846 his
699 3784 834 3846 omnibus
864 3802 941 3868 quae
972 3781 1068 3847 adhue
1089 3783 1250 3863 disputata

152 4049 304 4131 2011111111.
323 4048 370 4120 lV,
387 4054 413 4116 5,
429 4058 471 4109 33.
509 4051 564 4105 cir.
583 4053 667 4109 eiusd.
687 4054 748 4125 Cpr.
767 4053 819 4119 lll,
838 4062 872 4121 3,
892 4057 950 4117 in,
976 4053 1042 4124 Nep.
1061 4053 1140 4122 liges.
1159 4059 1186 4117 8,
1206 4054 1245 4118 4.,

202 4132 408 4207 ’1111111111111111Ι
428 4133 521 4193 Athon.
540 4136 583 4191 iv.
604 4154 627 4207 p.
647 4146 698 4198 139
717 4140 758 4206 (1.,
779 4139 846 4193 Ρ1111.
867 4138 961 4209 Pyrrh.
985 4157 1007 4194 ο.
1029 4147 1083 4204 13.,
1103 4137 1244 4208 Aristoph.

221 4212 291 4273 Ecol-
311 4226 369 4277 13¹·
388 4219 492 4275 ethnos
504 4223 563 4280 163.
582 4223 672 4293 ibique
691 4225 780 4281 Schoi.
801 4232 827 4280 et
846 4240 915 4295 quac
933 4229 1071 4297 congessit
1089 4224 1243 4280 Pascha-

221 4301 293 4359 itus
312 4302 410 4359 Coton.
431 4303 466 4372 ll,
486 4313 527 4363 10.
546 4324 570 4377 p.
591 4315 641 4366 100
658 4325 717 4380 sqq.
