2768 4838
1189 256 1252 324 116

125 445 192 507 Ηοο
210 445 367 527 spectavit
387 441 554 513 Menander
579 442 682 506 rhetor
701 444 731 505 iu
753 441 865 505 Waduii
887 443 979 508 tht.
1000 442 1250 527 T.ix.p.135:
1341 509 1347 517 ,

126 548 255 632 Μέτρον
274 541 381 630 μίντοτ
405 547 466 610 τῶν
492 549 688 625 κληττνῶν
709 544 843 628 ὕμνων
864 543 898 611 ὲν
919 549 976 629 μὲν
997 544 1118 625 ποιήσοι
1139 547 1249 631 ἐπιμη-

124 637 288 734 κέστερον·
316 649 380 731 ἅμα
403 652 461 730 μὲν
486 641 549 733 γαρ
573 647 607 712 ἐκ
633 632 756 713 πολλῶν
780 643 885 712 τόπων
913 647 1031 723 ἔξεστιν
1055 634 1251 727 τοίςθοοίς

125 752 280 820 ἐπικαλεῖν
307 749 349 828 ὥς
370 745 457 833 παρτλ
479 753 508 814 Σ
513 759 653 832 απφοῖ
665 755 717 815 καὶ
746 750 790 836 τῷ
809 744 996 831 uuunder
1017 756 1174 834 πολλαχοῦ
1195 751 1250 817 εί-

126 860 285 940 ρίσνομον·
312 851 368 932 τήν
395 859 454 936 μὲν
479 848 540 943 γὰρ
557 850 705 939 ’Ἀρτεμιν
732 851 765 916 ἐκ
796 856 923 934 μυρίων·
940 847 1047 933 ὀρέων,
1069 860 1188 937 μορίων
1214 860 1249 920 δὲ

125 954 258 1036 πόλεων,
280 955 325 1022 ἔτι
346 961 379 1030 δὲ
400 960 549 1036 ποταμῶν
571 953 732 1041 οἷναναλεῖ·
760 948 831 1032 τήν
853 958 894 1021 δὲ
911 951 1153 1039 Ἀφροδίτην
1180 954 1251 1020 Κί-

125 1085 245 1146 προν,
274 1064 444 1145 Κνίδον,
474 1062 593 1140 Συρίας
625 1057 824 1140 πολλαχόθεν
852 1055 1029 1139 ἀλλαχόθεν
1055 1057 1253 1125 ἀνακαλεῖ.

126 1166 166 1227 ci.
188 1159 287 1244 Suph.
308 1162 361 1224 Ar.
382 1161 448 1227 693
468 1180 557 1244 seqq.
610 1161 716 1224 Simile
739 1159 878 1244 quiddam
906 1159 1005 1226 hahet
1021 1163 1129 1241 etiam,
1164 1180 1252 1245 quem

126 1264 380 1329 hiitschcrlichins
411 1269 442 1328 ct
462 1263 595 1327 Oreidius
617 1265 809 1344 comparant,
837 1262 1040 1327 Anacreontis
1064 1266 1121 1337 Εἰς
1139 1262 1252 1330 Διόνυ-

129 1393 188 1433 σον
209 1367 304 1450 δμνος
329 1363 495 1447 arquata,
521 1367 644 1445 Bragm.
668 1366 700 1428 2.
715 1363 809 1428 Schn.
833 1373 866 1430 et
886 1369 1007 1448 Bergk,
1032 1370 1061 1430 in
1080 1387 1139 1450 qua
1160 1371 1253 1450 pocta

130 1473 217 1533 deum
246 1473 387 1550 invocat,
424 1470 457 1530 ut
483 1469 540 1530 sihi
563 1469 593 1530 in
614 1467 803 1555 conciliando
828 1487 929 1530 anuurc
954 1468 1093 1532 Cieuhuli
1116 1472 1250 1534 auxilie-

127 1579 191 1637 tur:
214 1577 438 1653 verumtamen,
461 1591 548 1654 quum
568 1558 670 1653 neque
693 1570 755 1633 uida
776 1571 935 1633 manifesta
957 1572 1128 1635 imitationis
1149 1576 1251 1638 verti·-

127 1677 181 1754 gia
203 1674 285 1756 apud
299 1675 443 1736 Nostrum
469 1672 797 1756 deprehendantur‚.ct
818 1674 895 1736 alius
917 1675 992 1738 deus
1013 1678 1176 1740 invocatus
1198 1680 1250 1760 sit,

128 1779 160 1838 et
183 1780 278 1840 tntum
299 1779 508 1855 argumentum
528 1776 624 1838 miuus
649 1778 751 1856 aptum
766 1794 802 1838 ac
819 1775 970 1856 decorum,
992 1779 1106 1840 animus
1128 1781 1252 1844 inclinat

128 1879 230 1960 potius
257 1877 308 1939 vei
336 1878 375 1941 ad
398 1876 617 1940 Alcmaucm
637 1879 690 1941 vel
712 1878 751 1942 ad
770 1880 954 1962 Sappho,
976 1880 1061 1944 cuius
1082 1883 1188 1944 ecdem
1210 1883 1249 1946 de

127 1996 244 2057 genere
269 1978 442 2049 versiculus
463 1984 607 2043 servatus
630 1985 690 2063 cst,
703 1984 838 2062 'Brugm
858 1982 881 2046 6
903 1982 1013 2046 Schu.:

323 2077 374 2142 ”H
396 2103 431 2143 ua
451 2077 580 2165 Κύπρος
599 2081 620 2161 ἢ
638 2078 752 2166 Πάρος
769 2083 789 2162 ἢ
811 2084 988 2167 Πάνορμος,
1049 2089 1052 2093 ’

129 2181 184 2242 scd
205 2181 305 2258 magis
325 2183 362 2243 ad
384 2168 484 2264 illum,
508 2201 594 2267 quem
618 2185 758 2268 respexit
782 2189 871 2250 ctiam
896 2187 934 2251 0.
958 2187 983 2268 1,
1006 2184 1252 2267 19,10’.σ1.τδ

127 2302 176 2356 vs.
189 2283 218 2346 2.
232 2287 263 2343 et
279 2301 328 2364 ap.
344 2283 521 2349 Suidam:
540 2291 593 2351 καλ
613 2285 656 2354 ὢν
675 2285 819 2375 ἐρωτικὸς
842 2291 940 2374 πάνυ,
958 2286 1096 2376 stipatu*
1106 2317 1122 2367 ς
1141 2293 1254 2376 γέγονε

126 2387 186 2449 τῶν
209 2385 361 2470 ἐρωτικῶν
384 2389 493 2467 μελῶν.

231 2509 262 2549 v.
289 2487 318 2550 1.
361 2491 475 2572 regina
496 2488 600 2576 cnidi]
623 2491 756 2575 σ’ίνασσα,
775 2497 935 2576 δέσποινα,
954 2499 1108 2581 μεδέουσα
1128 2500 1255 2576 Κνίδον,

128 2593 160 2652 ut
180 2591 278 2653 Diana
299 2586 437 2678 Αίλίδος
459 2589 584 2657 δίνασσα
606 2596 712 2678 Burip.
734 2597 801 2682 iph.
824 2600 895 2662 Aul.
917 2600 993 2683 434,
1017 2603 1055 2664 dc
1069 2602 1135 2664 Diis
1158 2600 1254 2683 ἐγχω-

128 2698 218 2772 ρίοις.
241 2694 281 2755 ci.
303 2691 327 2771 1,
350 2689 381 2772 3,
410 2693 439 2756 1.
463 2692 517 2774 111,
542 2694 596 2776 96,
617 2697 649 2761 9.
672 2697 725 2779 28,
750 2699 801 2763 13.

228 2812 259 2853 v.
282 2791 312 2853 2.
358 2793 481 2876 Sperne
503 2798 647 2877 dilectum
673 2799 811 2886 Cyprum]
842 2802 909 2866 Huc
930 2821 972 2864 cx
993 2801 1140 2868 Alcmana
1167 2803 1255 2880 (vide

129 2891 239 2974 supra}
267 2913 448 2976 expressum
473 2915 543 2960 csse
559 2899 622 2971 ¹iam
647 2902 788 2964 Muretus
809 2903 846 2966 V.
869 2905 906 2966 1..
933 2904 984 2988 16,
1012 2906 1052 2971 19
1071 2925 1099 2968 s.
1123 2907 1146 2967 f.
1167 2908 1253 2970 recte
1276 2920 1279 2924 ’

127 2996 260 3074 putavit.
292 2987 646 3066 Assentit-Schneidew.
689 3005 832 3069 Getcrum
856 3009 966 3071 fundus
985 3008 1073 3085 huius
1098 3008 1254 3090 cumposi-

128 3096 218 3159 tiunis
243 3096 370 3190 Cypri
391 3107 442 3167 ‘et
463 3103 588 3187 Paphi
613 3109 661 3171 est
683 3110 772 3172 Hom.
795 3111 851 3174 Od.
874 3111 956 3205 viii,
978 3111 1043 3179 362
1066 3133 1132 3196 sq,
1168 3100 1254 3194 quam

127 3197 305 3280 Aeschylus
329 3222 451 3288 quoquc
472 3208 606 3272 imitatus
635 3216 701 3294 est,
730 3215 854 3292 Fragm.
876 3214 951 3280 325.
973 3218 1094 3280 Herm:
1125 3212 1255 3299 Κίπροο

129 3296 244 3383 Πάφον
267 3300 426 3387 τ’ἕχοοσα
445 3305 550 3372 πάντα
568 3317 690 3395 κλῆρον,
705 3308 742 3378 ὀλ
756 3318 917 3400 Euripides
933 3318 1045 3382 Bacch.
1059 3316 1142 3381 400:
1156 3315 1256 3385 Ἰασί-

126 3428 190 3484 μαν
219 3408 294 3468 ποτὶ
319 3406 483 3489 Κύπρον,
498 3412 606 3477 Νᾶσον
632 3419 689 3489 τᾶς
706 3414 893 3499 Ἀφροδίτας
916 3455 959 3464 -
988 3416 1102 3501 Πάφον
1130 3415 1183 3484 θ’.
1205 3419 1258 3481 ubl

130 3506 334 3568 consulendus
357 3509 508 3575 Schoene.
551 3513 642 3576 Adde
662 3517 784 3580 Disscn.
807 3521 844 3581 ad
866 3519 955 3580 Pind.
975 3519 1078 3582 Isthm.
1102 3519 1244 3610 V11‚1.,
1359 3497 1379 3523 ⁴

231 3625 262 3666 v.
285 3605 318 3666 5.
343 3609 500 3673 Fervidus
516 3612 611 3699 puer]
636 3615 765 3698 Cupido,
790 3616 807 3684 ὁ
829 3604 1060 3704 δριμδςἚρως,
1083 3625 1131 3685 cui
1154 3620 1258 3706 ὄμμα-

128 3729 167 3768 τα
204 3703 335 3788 δριμίλα
369 3715 422 3774 καὶ
461 3710 632 3796 φλογόεντα
663 3719 833 3785 tribuuntur
862 3722 981 3789 Mosch.
1016 3725 1127 3806 Bidylh.
1155 3726 1189 3808 1,
1226 3723 1257 3792 8.

128 3807 298 3894 (magn.)
723 3825 726 3829 ’
809 3833 815 3840 ’
868 3894 873 3901 .

230 3932 264 3974 v.
285 3911 318 3976 6.
374 3917 484 3979 uelutis
518 3919 650 3984 Gratiae
681 3921 779 4007 conia]
817 3928 876 4006 „d
899 3928 919 3989 i.
947 3927 1099 4015 Χάριτες
1112 3928 1261 4013 ἀχίτωνες

131 4012 189 4073 und
211 4011 398 4080 dehndiches
418 4018 449 4079 in
470 4022 569 4083 steten
591 4023 770 4106 Beichnung
794 4027 847 4089 der
865 4028 1039 4114 nutrimen,
1063 4053 1090 4095 s.
1112 4035 1258 4114 Bittigcr

131 4111 260 4177 Adduhr.
283 4117 400 4182 Bcchu.
422 4120 457 4184 S.
485 4120 546 4185 146
569 4125 649 4204 ig.“
680 4126 923 4211 Bernhardy.
946 4133 974 4193 in
1000 4152 1072 4197 cens
1094 4135 1215 4198 Peerlh.

227 4238 260 4280 v.
281 4218 310 4281 7.
355 4222 522 4309 Juvenum]
545 4227 598 4290 Sic
611 4227 711 4310 Ἥβη,
738 4251 825 4313 quam
840 4233 967 4297 Bumani
981 4236 1176 4300 Juventutem
1195 4257 1256 4322 ορ·

130 4314 323 4396 quitaverunt
344 4323 423 4402 (Cic.
447 4327 542 4392 Tusc.
562 4328 587 4410 1,
609 4330 662 4413 96,
687 4331 741 4397 65.
765 4334 815 4398 eid.
834 4336 920 4398 Ham.
941 4337 976 4399 11.
1000 4337 1054 4420 IV,
1076 4338 1170 4425 init.]‚
1190 4341 1259 4404 Ve-
