2768 4838
142 236 188 283 xii

144 405 345 473 chartarum“
371 407 515 472 auctores
545 407 738 492 inprimisque
767 426 897 473 summus
921 408 1038 490 dialogi
1061 418 1094 477 et
1116 413 1279 498 εἰρωνείας

142 508 475 596 magisterPlato¹³)
496 513 529 576 et
549 511 713 576 iamborum
734 513 873 578 inventor
890 509 1219 599 Archilochus14)
1239 521 1278 584 et

147 712 352 724 *—

246 842 300 898 qua
323 829 370 884 ille
396 829 489 884 tabula
513 831 627 900 palmam
654 832 792 901 eripuerat
814 822 1144 903 aristopnmis'nnhthm
1168 863 1203 875 -
1227 851 1273 907 ap.

241 910 355 968 Rurici.
374 921 454 983 psl:
477 913 556 971 Olbos
573 913 677 989 ποιητῇ
693 918 803 986 γέγονεν
822 912 856 971 uis
872 914 957 972 tunae
974 913 1163 988 naxde'“Ydep
1178 917 1207 973 di
1225 925 1274 975 nei·

239 1016 296 1051 νων
313 995 392 1053 addin
414 995 449 1053 ἄν
465 1001 542 1053 adnot
558 997 660 1068 σοφὰν,
686 1006 714 1054 et
736 1002 894 1055 sententiam
913 999 999 1055 Caum.
1017 999 1071 1064 lli,
1096 1007 1139 1060 29.
1166 1004 1208 1057 eii.
1227 1019 1272 1076 ap.

244 1081 369 1137 Suidann:
388 1079 510 1152 ”Audeat
528 1081 627 1152 coporis
646 1081 727 1153 ἐχρῆν
749 1085 787 1138 τό
805 1082 927 1153 nuptio
941 1082 1079 1155 πρᾶγμ’
1099 1080 1135 1143 ee’r
1152 1084 1272 1156 δῦναμνν

242 1170 377 1225 dieder
394 1165 509 1226 καλῶς.
533 1166 595 1222 illia
615 1169 743 1223 nournulla
760 1170 919 1224 imitationis
937 1171 1054 1239 uestigia
1073 1170 1184 1242 collegit
1204 1171 1272 1227 Pas-

245 1267 305 1308 uov.
322 1257 380 1307 not.
398 1259 458 1310 181.

160 1362 225 1444 ⁹1³)
242 1374 359 1432 Eundem
380 1389 569 1436 commemorat
593 1383 621 1438 S.
640 1382 681 1449 11,
705 1384 731 1438 4.
755 1388 772 1439 3
798 1396 855 1435 curn
883 1383 1012 1451 magistro
1032 1380 1144 1437 Socrate
1170 1388 1196 1438 et
1213 1401 1272 1440 cum

137 1476 140 1481 ·
246 1459 411 1532 Pythagora,
431 1464 598 1536 philosophis
617 1468 872 1537 praestantissimis,
892 1473 1023 1536 uocatque
1042 1466 1177 1521 doctum
1192 1467 1272 1524 Pla-

245 1551 339 1604 tona.
375 1547 460 1603 Erant
484 1555 530 1622 qui
553 1553 596 1621 (nt
613 1551 742 1606 Ducarius
767 1556 793 1605 et
812 1548 957 1605 Passovius
981 1557 1037 1607 not.
1054 1553 1103 1622 66)
1120 1555 1274 1625 intelligere

245 1631 354 1685 mallent
367 1631 505 1689 Platonem
525 1635 708 1691 comicum.
734 1635 776 1690 na
793 1650 858 1689 vero
876 1635 1013 1705 epitheton
1032 1637 1169 1691 doctum
1188 1643 1274 1695 miurus

156 1750 160 1757 -
244 1719 396 1785 appositum
414 1721 501 1790 ioret3
517 1737 566 1776 uec
583 1724 677 1776 mirum
697 1727 738 1776 est
755 1723 782 1774 in
801 1720 954 1776 academiae
974 1720 1104 1790 discipulo
1125 1723 1196 1793 quod
1209 1723 1271 1779 Pla-

136 1806 142 1817 ·
244 1803 343 1868 tonem,
362 1805 389 1859 ln
407 1806 575 1879 poetaquod
596 1807 701 1860 solutae
726 1807 859 1859 orationis
884 1809 1040 1876 scriptorem
1067 1809 1178 1860 maxime
1205 1826 1271 1879 poe-

244 1887 325 1940 ticum
346 1887 459 1962 legerit,
485 1891 556 1962 quod
575 1891 643 1945 idem
663 1889 787 1944 Pisonum
808 1892 904 1942 maiori
922 1893 980 1959 ipsc
999 1888 1093 1942 suadet
1110 1889 1141 1945 A.
1161 1890 1189 1947 P.
1207 1902 1272 1952 310:

349 1975 491 2030 Scribendi
508 1983 580 2030 recte
599 1988 695 2044 sapere
714 1979 755 2028 est
773 1979 799 2027 et
819 1977 978 2044 principium
997 1982 1024 2029 et
1042 1974 1119 2029 lons:

349 2060 413 2116 Rem
430 2062 481 2114 tibi
498 2060 712 2115 Socraticae
736 2064 863 2128 poterunt
880 2059 1023 2114 ostendere
1041 2058 1161 2115 chartae.

243 2144 331 2217 Amne
349 2147 516 2201 Socraticum
535 2144 671 2199 Platonem
692 2146 791 2198 imitari
809 2144 914 2199 uidetur
932 2143 1064 2199 Lambino
1084 2147 1112 2199 iu
1132 2145 1188 2201 Sat.
1204 2146 1225 2214 l,
1244 2157 1271 2212 3,

242 2236 279 2289 38
296 2248 352 2304 etp,
381 2230 415 2283 cl.
434 2229 609 2283 celeberrimo
627 2229 661 2283 de
680 2225 896 2296 dnoxcplopnoao
913 2235 1060 2283 amatorum
1085 2230 1145 2284 loco
1171 2231 1271 2304 elicp.

243 2313 288 2370 iv.
310 2322 354 2375 29.
377 2331 404 2384 p.
424 2315 485 2370 474
503 2310 550 2376 Ι).,
574 2311 698 2383 Bentlcjo
725 2313 753 2364 in
772 2310 828 2365 Sat.
848 2309 881 2364 ll.
907 2319 933 2365 2.
957 2321 991 2369 77
1010 2330 1050 2384 sq.
1075 2317 1107 2372 cl.
1126 2316 1269 2376 Phaedon,

242 2415 288 2470 pg.
305 2408 349 2460 83.
368 2398 416 2465 lt,
434 2394 638 2468 llyttenbaehio
656 2399 685 2450 in
704 2393 732 2449 G.
753 2393 773 2448 1.
792 2398 835 2451 34.
854 2401 880 2453 8.
901 2396 933 2450 cl.
961 2395 1074 2455 Phaedr.
1093 2417 1138 2471 pg.
1156 2405 1216 2462 246.
1232 2402 1271 2459 a:

242 2484 306 2542 zade
328 2484 451 2542 ἐλαύνων
473 2481 578 2552 πτηνόν
601 2476 687 2551 ἅρμα.
725 2478 779 2534 Gir.
799 2478 927 2535 Valcken.
956 2486 984 2536 in
1010 2484 1123 2540 Tlrcoer.
1143 2486 1271 2546 hdonlaz.

159 2620 162 2625 .
244 2584 270 2639 p.
288 2575 349 2630 326.

89 2706 96 2719 '
174 2698 222 2768 14)
240 2698 273 2755 h.
291 2700 321 2758 P.
339 2708 374 2761 79
395 2706 421 2756 ct
436 2698 521 2771 Epist.
537 2700 556 2765 l,
575 2701 619 2762 19,
631 2700 681 2752 23:
699 2722 734 2733 -
754 2693 851 2748 Parion
869 2709 920 2765 ego
941 2697 1042 2765 primus
1060 2699 1165 2756 iambos

311 2785 423 2842 Ostendi
440 2786 530 2852 Latio,
547 2796 710 2839 numeros
730 2783 938 2851 animosque
956 2788 1063 2836 secutus

311 2871 539 2935 Archilochi,
557 2886 612 2923 non
631 2883 687 2922 res
707 2872 733 2921 et
751 2869 862 2937 agentia
880 2867 990 2919 verba
1005 2866 1167 2936 Lycamben.

144 3022 148 3029 Ι
241 2958 343 3012 Libera
360 2959 411 3012 hac
431 2954 585 3011 Archilochi
608 2955 758 3006 imitatione
777 2965 854 3021 quam
875 2953 933 3020 ipse
951 2952 1004 3004 sibi
1021 2953 1085 3006 fisus
1103 2961 1189 3020 essct,
1209 2964 1271 3012 aute

243 3039 349 3093 dixerat
372 3059 411 3096 uo.
435 3049 485 3097 212
521 3038 654 3092 Libera
679 3053 728 3106 per
752 3051 862 3090 uacuum
886 3037 966 3104 posui
990 3041 1107 3108 vestigia
1131 3043 1270 3111 princeps,

243 3122 319 3179 Non
344 3127 464 3179 allona
489 3138 559 3176 meo
587 3123 708 3191 pressi
733 3120 827 3190 pede.
879 3116 940 3179 Qui
967 3120 1039 3173 sibi
1069 3124 1168 3190 sidit,
1200 3125 1271 3180 Dux

242 3212 340 3279 regit
368 3224 518 3264 examen.
569 3206 692 3261 lictorum
720 3206 780 3275 plus
807 3218 884 3273 quarn
910 3210 1002 3259 notum
1025 3215 1085 3262 orat
1109 3207 1272 3279 πννρόχολον

243 3292 399 3348 Archilochi
413 3290 517 3362 στόμα,
538 3290 584 3344 Br.
600 3290 707 3345 Antinoi.
727 3289 761 3343 il.
781 3292 831 3347 167
840 3305 846 3340 τ
867 3313 900 3325 -
923 3281 951 3343 iis
970 3309 1038 3343 neca
1056 3292 1159 3360 πικρήν

574 3375 690 3432 Μοῦσαν
710 3371 834 3442 ἕχνὸναίῳ
854 3371 961 3441 πρῶτος
982 3375 1070 3446 ἔβαψε
1093 3376 1170 3445 χόλῳ.
1215 3377 1270 3433 cir.

241 3481 266 3520 v.
286 3480 307 3522 o.
328 3464 360 3519 ir.
375 3465 414 3523 nn
431 3479 471 3534 sq.
491 3469 519 3518 et
534 3464 569 3519 74
587 3478 642 3533 seq.
663 3458 829 3515 Schneideu.
857 3458 939 3511 llnius
958 3461 1042 3529 igitur
1070 3464 1270 3526 „animorum“

239 3549 446 3615 vehementiam,
472 3547 519 3604 sed
540 3551 715 3614 temperatam
733 3545 822 3609 illam,
841 3549 868 3596 et
887 3584 904 3608 „
914 3548 1040 3599 carminis
1059 3549 1170 3598 artem“
1196 3560 1268 3599 eam-

241 3650 293 3705 que
312 3639 474 3688 immutatam
493 3633 637 3700 assumpsit
655 3629 797 3694 lloratlus,
818 3630 933 3697 singolis
953 3630 1033 3684 robus
1051 3638 1078 3685 et
1093 3632 1182 3685 uerbis
1194 3649 1270 3702 sprc-

240 3721 277 3801 tis
305 3720 410 3790 ipsique
438 3720 548 3772 relictio.
591 3713 680 3775 Quare
703 3730 736 3766 nc
755 3712 960 3769 illitsoherliohii
986 3716 1091 3786 quidem
1115 3716 1272 3788 diligentiae

162 3804 164 3809 '
241 3805 365 3872 contigit,
387 3811 416 3858 ut
435 3802 492 3855 ulla
510 3806 584 3855 certa
604 3804 651 3852 aut
668 3797 824 3867 probabilia
841 3799 1029 3853 Archilochiac
1048 3803 1206 3855 imitationis
1225 3817 1271 3856 uc-

240 3889 324 3957 stigia
344 3901 376 3942 eu
395 3890 453 3942 eins
471 3888 567 3956 fragm.
586 3883 730 3952 colligeret
746 3882 839 3947 (ueluti
856 3884 891 3938 ad
905 3883 1042 3953 EpodVl.
1057 3892 1123 3941 eutr.
1144 3886 1271 3957 elragm.

242 3979 285 4030 31.
305 3970 445 4037 Schneid,
473 3978 499 4025 et
526 3970 559 4023 ad
580 3966 664 4038 Epod.
691 3965 761 4019 XVI.
784 3971 827 4025 34.
852 3983 867 4022 e
892 3969 925 4021 lr.
943 3972 985 4025 66.
1004 3979 1029 4027 7.
1049 3973 1120 4040 sup),
1139 3988 1189 4026 nec
1207 3988 1271 4026 vcro

242 4074 275 4115 ex
295 4058 539 4128 Hippomenis,
559 4055 646 4108 altero
668 4052 716 4105 illo
735 4051 882 4107 iamborum
900 4060 1011 4108 auctore
1028 4051 1273 4124 (Epod.Vl.14.),

240 4143 383 4216 quidquam
400 4148 535 4211 reportum
554 4144 603 4194 est.
631 4136 661 4190 ln
679 4136 760 4191 rebus
778 4139 895 4192 metricis
916 4145 1003 4193 autem
1021 4146 1049 4194 et
1065 4144 1174 4195 musicis
1188 4144 1272 4196 omni-

240 4243 275 4282 no
295 4228 435 4297 plurimum
454 4226 527 4280 Parii
546 4227 642 4294 poetae
660 4224 795 4291 ingenium
812 4221 897 4276 valuit
915 4229 942 4277 et
962 4228 1126 4291 auctoritas,
1146 4229 1189 4281 cui
1208 4225 1273 4280 lior.

241 4327 347 4383 quoque
364 4330 414 4371 nco
431 4315 530 4370 inuitus
551 4310 716 4378 obsequutus
735 4314 783 4365 est
821 4307 881 4365 Vld.
899 4307 962 4365 Euo.
980 4317 1056 4366 metr.
