2768 4838
176 306 251 354 nil

182 475 306 542 incertis
325 473 472 552 vestigiis
495 474 523 535 iu
548 469 829 554 primoomnium
847 462 1194 554 librosecutsooitffl),
1218 487 1317 554 quum

183 571 475 657 Aeschylo-1⁴¹)
495 579 595 638 tamen
615 576 741 657 saeplm
762 579 795 640 et
813 573 1006 656 saepissime,
1029 575 1064 636 nt
1083 572 1227 653 vidimus,
1242 572 1317 637 Es-

182 681 309 763 rlpidem
330 678 463 740 imitatus
485 677 539 739 sit.
580 675 648 740 Nec
669 678 757 760 plura
779 663 971 756 certiorare,
1000 675 1081 759 qnod
1103 678 1161 741 vix
1182 676 1318 758 ulrerb,

184 805 226 850 nx
250 782 382 850 Comici·
401 779 574 842 imitationis
592 782 731 860 vestigia
752 782 943 863 reperiuntur
964 779 994 841 in
1016 776 1206 843 (larmlnihus
1214 774 1278 862 ⁴²).

284 881 577 949 Alexandrinis
588 881 986 965 poetis,(lallimnchollatti
1002 879 1076 962 tillo,
1094 879 1216 945 Phileto
1232 879 1317 961 coo,

185 989 298 1058 ceteris
316 984 468 1066 Propertii
491 987 584 1067 atque
599 984 701 1048 Ovidii
722 985 948 1067 exemplaribus
966 982 1029 1046 illis
1049 986 1145 1046 minus
1166 983 1316 1049 delecta-

185 1102 247 1161 tum
268 1108 340 1155 osse
359 1087 517 1150 Horatium
538 1105 624 1168 quam
647 1087 854 1150 veteribus
876 1089 910 1150 et
928 1087 1103 1168 praecipuis
1126 1086 1317 1167 auctoribus,

184 1198 235 1284 qul
256 1197 328 1257 anto
339 1188 509 1254 Alexandri
524 1187 567 1252 ni.
585 1192 722 1271 tempora
743 1183 955 1269 vixerunt⁴³),
977 1189 1036 1251 lam
1055 1206 1149 1271 snpra
1171 1189 1315 1272 vidi-ns,

184 1320 242 1366 nec
263 1302 362 1362 tomen
383 1292 493 1371 negari
507 1294 623 1373 potest,
640 1311 705 1356 cum
724 1293 842 1357 illorum
856 1309 976 1377 quaque
988 1292 1135 1371 vestigiis
1149 1290 1316 1375 aliqnando

186 1401 354 1475 institisse,
383 1392 463 1476 quod
494 1393 584 1454 etiam
613 1413 670 1474 per
694 1412 730 1457 se
752 1399 985 1459 consentaneum
1014 1399 1074 1459 est.
1118 1394 1194 1457 Noni
1214 1394 1316 1457 Latini

185 1504 274 1566 huius
295 1496 391 1578 ipsius
415 1495 525 1556 aetatis
546 1498 658 1575 poetae
688 1516 775 1578 quum
804 1498 941 1580 plerique
968 1514 1073 1560 omnes
1093 1495 1221 1560 (lraeols
1241 1499 1316 1560 stu-

186 1605 244 1667 diis
265 1598 360 1663 dediti
388 1600 420 1659 et
442 1596 714 1661 Alexandrinorum
741 1602 834 1662 totius
856 1600 982 1680 generis
1006 1600 1173 1663 imitatores
1195 1602 1316 1680 essent,

185 1706 328 1770 videntur
349 1700 436 1763 uelut
457 1717 532 1780 apen
548 1703 695 1782 quaedum
707 1703 853 1766 interdum
868 1706 958 1768 etiam
973 1705 1001 1766 ln
1017 1703 1185 1785 longinqua
1197 1720 1318 1784 pascua

186 1808 353 1874 volitantes
387 1801 559 1865 dulcissima
588 1822 725 1887 quaeque
761 1805 850 1867 mella
884 1823 1034 1890 cerasque
1074 1806 1148 1867 miro
1185 1804 1316 1868 artlllclo

187 1907 371 1984 condidisse,
394 1903 592 1966 Alexandrini
620 1925 697 1970 vero
726 1908 785 1988 ipsi
813 1926 932 1991 quoque
964 1912 1101 1972 veterum
1127 1906 1316 1971 Graecorum

187 2014 354 2077 imitatores
383 2007 516 2069 formicis
545 2008 694 2088 simillimi,
718 2027 797 2092 quae
826 2010 1041 2094 qualiacunque
1064 2012 1096 2072 et
1116 2010 1314 2092 undecunque

186 2112 376 2177 sustulerunt
406 2126 504 2188 grana
530 2111 559 2171 in
585 2110 721 2174 latibulis
750 2114 813 2174 suls
842 2113 1039 2177 abscondunt.
1078 2112 1192 2175 Horum
1218 2114 1318 2192 igitur

188 2218 295 2297 copias
309 2211 446 2275 conditas
460 2213 516 2272 iam
538 2216 570 2274 et
591 2214 715 2294 paratas
728 2231 768 2275 ne
781 2214 926 2279 Horatius
940 2216 1057 2300 quidem
1072 2216 1234 2296 fastidivit,
1257 2216 1315 2277 sed

186 2335 270 2383 more
291 2314 442 2395 modoque
456 2331 512 2374 suo
528 2331 605 2397 quae
619 2315 713 2393 digna
735 2315 909 2380 viderentur
923 2320 952 2380 in
973 2337 1044 2381 suas
1066 2318 1160 2383 cellos
1174 2321 1315 2382 transtu-

186 2422 233 2502 lit,
255 2435 431 2502 quamquam
451 2433 507 2478 nec
527 2417 621 2480 multu
639 2434 696 2480 nec
717 2416 761 2480 ita
773 2436 937 2501 expressa,
954 2423 988 2484 ut
1001 2421 1082 2504 apud
1096 2425 1218 2484 ceteros
1234 2424 1317 2484 sunt

188 2524 293 2607 Atque
315 2538 356 2581 ex
377 2517 537 2597 illegiacls
559 2519 676 2602 quidem
699 2517 997 2603 Callimachum,
1021 2522 1177 2605 exhlpiois
1191 2522 1316 2605 Apol-

187 2625 348 2701 lonium,
373 2639 414 2681 ex
435 2619 587 2683 Bucolicis
610 2620 866 2686 Theocritum
890 2627 921 2687 ct
944 2626 1078 2687 fortasse
1102 2628 1193 2689 etlam
1214 2627 1316 2689 Bio-

187 2748 265 2795 nem
294 2744 330 2788 ac
350 2722 563 2802 Moschum,
587 2743 628 2786 ex
648 2722 915 2804 Epigrammatlols
937 2726 1174 2794 Archelaum
1198 2728 1319 2811 aliquot

188 2833 265 2896 loeis
286 2830 314 2891 ln
336 2828 402 2891 elus
424 2825 602 2890 carminibus
627 2828 831 2905 agnoscimus.
843 2824 891 2912 ⁴⁴)

188 2986 392 3002 ’.μ-

223 3021 398 3138 10111111
422 3064 448 3121 c.
470 3063 500 3129 1,
520 3069 551 3127 a,
571 3069 610 3120 13.
631 3071 657 3117 m
675 3063 702 3129 1,
721 3068 771 3129 24,
792 3071 831 3123 19.

224 3168 273 3236 41)
291 3164 350 3224 Vid,
367 3163 401 3216 ad
421 3162 447 3220 C.
469 3162 497 3227 i,
522 3170 555 3226 3,
581 3164 614 3216 18
637 3159 744 3230 (heseh.
770 3162 797 3218 S.
821 3165 957 3236 13311),
982 3166 1011 3233 i,
1036 3173 1067 3234 3,
1093 3171 1128 3226 19
1156 3162 1245 3234 (Pers.
1264 3170 1320 3220 110

291 3250 376 3319 som),
401 3245 427 3311 Ι,
446 3253 496 3312 28,
513 3253 548 3304 30
573 3243 679 3316 (Suppi.
695 3249 746 3304 433
766 3251 854 3318 sqq),
879 3251 907 3315 i,
928 3253 977 3316 35,
998 3258 1027 3307 11
1047 3250 1136 3321 (Pars.
1155 3249 1220 3318 162)
1238 3254 1265 3302 et
1282 3248 1317 3306 oi.

290 3351 322 3387 ex
340 3334 417 3386 aliis:

291 3418 366 3475 lior.
385 3414 411 3470 G.
432 3412 520 3479 1111,
536 3415 586 3469 42:
605 3413 760 3472 -Scimus
780 3424 808 3473 ut
828 3422 925 3491 impios

601 3497 715 3555 Titanas
734 3505 924 3576 inmanemque
940 3510 1053 3559 turmam

601 3584 622 3638 F
631 3602 647 3639 u
659 3586 698 3638 lm
709 3589 765 3642 ine
783 3591 922 3644 sustulerit
939 3587 1080 3656 caduco.

288 3668 582 3728 Aesoh.l‘rom.358:
600 3665 675 3723 ’All'
696 3664 784 3740 ἦλθεν
807 3670 882 3742 αὐτῷ
905 3670 1043 3743 (Τυφῶνι)
1068 3669 1155 3742 Ζηνὸς
1176 3666 1319 3741 dyoocvoo

1021 3757 1108 3829 βέλος,

598 3837 1149 3910 Καταιβάτηεηεραυνδςὲκπνέων
1161 3835 1317 3911 φλόγακτλ.

220 3925 270 3992 42)
289 3921 343 3980 illu.
363 3920 547 3991 Aristoph.
567 3920 627 3979 Pac.
646 3926 721 3978 1076.
739 3921 770 3980 D.
789 3937 846 3978 oum
868 3924 931 3981 lior.
949 3922 977 3982 G.
998 3922 1031 3990 1,
1047 3932 1092 3992 33,
1109 3934 1127 3985 7
1145 3941 1202 3996 sq..
1221 3922 1317 3978 hnu-

287 4008 378 4061 xilai
399 4007 432 4064 ir.
453 4020 494 4074 ap.
509 4003 601 4062 Athen.
619 4011 661 4071 13,
681 4010 781 4074 1).558.
801 4024 821 4066 o.
840 4007 903 4067 Hor.
922 4007 949 4066 c,
968 4005 998 4074 Ι,
1016 4015 1060 4067 27.
1080 4015 1114 4069 19
1130 4024 1215 4083 soilli-2
1242 4006 1315 4064 Me-

286 4092 386 4150 nand.
402 4089 468 4144 Kal.
494 4107 518 4160 p.
541 4098 597 4147 101.
623 4087 660 4147 Μ.
678 4105 699 4146 o.
717 4089 747 4148 ii.
766 4091 793 4150 G.
813 4090 842 4157 i,
863 4099 914 4156 31,
942 4099 974 4149 17
998 4107 1031 4163 sq
1058 4094 1167 4165 ollaque
1184 4093 1316 4147 nonnulla

285 4188 341 4227 oum
361 4177 439 4241 aliis,
467 4190 535 4245 quae
561 4178 689 4244 exparte
712 4176 765 4229 iam
784 4190 866 4246 supra
883 4174 1129 4244 comprehendimus
1146 4180 1175 4230 in
1192 4182 1247 4229 not.
1272 4183 1316 4232 12.

215 4273 300 4340 43)1.
320 4288 343 4327 e.
361 4271 555 4340 ‚‚ltlossiher“
576 4272 629 4328 vid.
649 4269 760 4328 Sueton.
780 4274 842 4329 Tih.
861 4279 903 4329 10.

214 4371 264 4439 lt)
281 4370 454 4425 Catullum
477 4370 584 4443 quiden
608 4373 731 4426 novimus
756 4368 974 4426 Callimachi
997 4375 1152 4443 poenalion
1176 4370 1209 4425 de
1230 4368 1315 4425 Coma
