2768 4838
121 256 163 322 62

124 445 174 508 lix
198 444 364 525 eodemque
387 441 471 503 ionte
494 438 582 501 linxit
604 438 688 499 corto
714 432 945 499 Centaurea
966 452 1044 496 cum
1066 432 1266 516 hopithis

126 549 227 628 rixa,
249 565 297 609 rs.
318 542 351 608 8.
374 544 412 605 ah
434 542 562 605 Horatio
583 539 758 614 memorata,
780 533 922 596 llom.l.
943 533 966 595 1.
991 534 1066 616 295,
1089 555 1201 620 sequ:

295 637 388 718 Οἶνος
408 647 462 708 καὶ
484 643 662 724 Κένταυρον
682 635 853 720 άγάιιλυτον
875 633 1059 718 Εάρυτίωνα

291 742 417 809 '‘Aocsr
440 744 473 810 ἐν
496 740 624 826 μεγάρῳ
643 737 832 824 μεγαθύμου
854 734 1042 823 Πειριθόοιο

299 845 355 922 Ἐς
376 851 535 920 Λαπίθας
554 840 678 909 ἐλθόντ’
699 849 763 907 xri.

231 970 261 1012 v.
282 949 315 1015 9.
359 951 462 1012 Euius
484 981 527 993 -
548 942 744 1028 Bassareus]
777 942 946 1027 „Quatuor
968 941 998 1004 in
1020 939 1079 1008 hoc
1099 964 1165 1010 uno
1190 969 1266 1012 car.

129 1052 208 1115 mina
229 1056 300 1115 sunt
320 1053 439 1114 nomina
459 1052 545 1112 unius
566 1049 625 1128 dei,
648 1046 798 1125 Bacchus,
815 1044 918 1124 hiber,
941 1043 1052 1125 livius,
1066 1046 1266 1126 Bassareus3

130 1172 256 1237 quornm
286 1156 345 1216 luo
373 1156 403 1217 in
433 1153 591 1234 superiore
613 1151 722 1230 parte,
755 1165 832 1228 quae
863 1149 913 1209 est
935 1148 973 1209 ile
995 1150 1163 1212 commodis
1190 1157 1266 1232 vini,

130 1256 202 1321 mite
226 1259 259 1320 11
280 1258 444 1335 benignum
463 1272 587 1331 numen,
609 1251 668 1312 duo
690 1252 719 1311 in
741 1248 885 1311 interiore
910 1253 1018 1330 parte,
1044 1269 1123 1333 quae
1148 1259 1202 1317 est
1226 1257 1267 1317 de

129 1359 322 1420 incommodis
339 1359 412 1437 vini,
435 1357 532 1419 lerum
553 1353 721 1433 respiciunt
746 1351 779 1412 et
806 1351 979 1413 indomitum
1000 1370 1117 1415 numen.
1162 1357 1267 1419 livius

132 1459 265 1522 enimet
293 1459 465 1522 Bassareus
497 1458 614 1520 nomina
639 1456 710 1515 sunt
734 1453 833 1532 petita
853 1470 896 1514 ex
923 1454 1079 1531 orgiiset
1105 1460 1268 1535 mysteriis

133 1558 283 1622 Thraciis.
328 1561 452 1622 livius
481 1578 499 1621 a
528 1558 659 1621 clamore
688 1552 894 1617 bacchantium
922 1547 1005 1634 εάοῖ,
1025 1551 1098 1624 εὐάν
1124 1557 1268 1638 (Εὔιος),

132 1661 360 1724 Bassareus
381 1681 400 1724 a
422 1678 502 1724 roco
525 1658 658 1720 Thracia
676 1653 864 1740 βασσάραἈξ
896 1649 1072 1717 Dillenh.
1105 1658 1267 1743 Βασσάριι

134 1761 211 1824 enim
230 1767 282 1826 est
305 1763 397 1847 pellis
420 1762 556 1843 volpino,
578 1760 648 1822 inde
662 1758 788 1823 haccha.
831 1755 972 1820 Bacchae
989 1756 1141 1822 Thraciae
1162 1767 1266 1826 antem

134 1882 194 1928 non
217 1871 360 1951 νεβρίδας
378 1865 555 1945 gestabant,
578 1858 869 1944 οοι1βασσάραςο.
892 1862 1088 1942 βασσιιρίδας
1098 1858 1139 1944 1).

235 1988 266 2031 v.
289 1967 327 2031 ll
349 1988 420 2051 sqq·
456 1967 531 2031 Noa
552 1988 611 2050 ego
630 1975 670 2044 te,
689 1964 825 2027 candide
839 1964 1014 2044 Bassareu,
1034 1963 1170 2026 Invitum
1186 1990 1266 2049 qna-

135 2070 212 2130 iiam
232 2067 306 2153 cet]
350 2071 393 2135 Ut
413 2070 532 2134 Graece
553 2070 661 2132 dicitur
684 2077 777 2130 κινεῖν
800 2058 888 2143 θεόν,
911 2066 956 2129 sic
976 2066 1084 2129 Latine
1104 2086 1267 2132 movere

137 2168 243 2231 ileum
281 2191 338 2251 pro
371 2189 532 2235 movero
563 2190 588 2231 s.
621 2185 872 2231 commovere
907 2168 973 2229 eius
1005 2187 1140 2230 sacra:
1184 2174 1269 2253 quod

137 2268 233 2350 ipsum
255 2275 379 2354 proprie
401 2273 512 2336 dictum
531 2289 602 2333 esse
624 2271 716 2334 docet
737 2270 876 2349 lleynius
898 2269 936 2330 ad
958 2270 1047 2347 Virg.
1069 2268 1269 2352 A.iv,301;

135 2371 268 2454 itemque
290 2375 401 2438 Graeci
422 2383 516 2436 κινεῖν
537 2366 576 2434 τά
597 2369 676 2455 ἱερά,
695 2366 733 2435 τά
755 2368 921 2455 μυστήρια.
965 2373 1041 2436 Erat
1065 2374 1142 2434 enlm
1165 2375 1194 2436 ln
1220 2376 1269 2439 his

131 2477 346 2540 1111111111111
369 2477 418 2538 del
441 2475 640 2554 simulacrum,
663 2468 762 2558 (ἱερόν
779 2469 903 2555 φάσμα)
913 2471 954 2547 ²l.
984 2474 1049 2537 Sed
1070 2474 1143 2537 illud
1165 2497 1269 2559 qua-

138 2578 225 2639 tere
250 2578 391 2660 apposite
416 2576 608 2653 Voigtius
628 2596 712 2639 meus
734 2575 1270 2664 1111011111.11111111111844.

140 2680 180 2742 ad
201 2700 286 2744 unam
309 2680 436 2743 maxime
459 2675 584 2756 thyrsos
613 2678 767 2760 quatienti
791 2678 939 2740 actionem
966 2679 1080 2760 refert,
1107 2683 1151 2744 ita
1174 2688 1208 2747 nt
1230 2688 1272 2749 sit

140 2783 332 2867 „quatiendo
367 2782 473 2863 thyrso
506 2780 662 2842 celebrare
693 2800 719 2841 s.
754 2779 856 2842 colere
886 2779 1002 2842 dounr“
1037 2783 1093 2863 (rie
1122 2803 1183 2866 qno
1213 2806 1271 2850 uso

140 2886 267 2950 Graecis
288 2906 346 2950 non
369 2887 464 2948 minus
490 2884 627 2946 familiari
648 2883 758 2946 dictum
783 2884 837 2947 est,
858 2881 895 2944 ad
919 2879 956 2944 G.
978 2881 1009 2963 l,
1037 2883 1096 2963 15,
1127 2884 1165 2948 lii
1194 2891 1228 2951 et
1247 2889 1273 2970 l,

145 3039 345 3051 *ιι-

195 3132 225 3201 1)
241 3131 386 3201 Hesychius
396 3135 422 3184 11
430 3127 545 3185 Graiium.
557 3128 674 3184 Bellieni
687 3147 712 3199 p·
722 3137 788 3186 222:
809 3129 963 3199 Βασσάραι·
980 3129 1088 3199 χιτῶνες
1105 3131 1281 3193 ὃιουυσιακοὶ

149 3222 152 3229 “
245 3213 377 3277 moratica,
394 3208 438 3270 οόο
455 3209 571 3283 ἐφόρουν
587 3208 621 3266 αἶ
634 3210 751 3280 Θρᾴκιον
767 3211 881 3283 Βάκχαι.
899 3215 932 3270 ul.
942 3213 1060 3269 Lohech.
1069 3217 1161 3288 Aghp.
1169 3226 1222 3278 288
1231 3237 1274 3292 sq.

148 3333 151 3338 ·
194 3313 226 3381 2)
243 3312 435 3367 Sacrorum
461 3318 548 3364 autem
576 3313 680 3365 nominc
706 3317 760 3365 tam
780 3309 878 3369 Graeci
898 3330 975 3385 quani
994 3315 1106 3371 Romani
1129 3321 1275 3389 praecipuo

247 3400 326 3469 signa
352 3404 380 3453 et
401 3398 534 3466 imagines
559 3397 684 3461 deorum,
710 3413 866 3469 omnemque
888 3415 992 3454 sacram
1018 3402 1211 3470 supellectilem
1232 3405 1274 3458 ui-

247 3485 327 3554 gnari
349 3482 445 3547 soloni,
464 3482 517 3536 rid.
543 3480 699 3536 Lohech.
721 3482 780 3552 Agl.
800 3499 826 3552 p.
845 3487 887 3540 51.
924 3482 1077 3554 Eademque
1094 3501 1182 3552 sacra,
1204 3503 1276 3556 quae

249 3573 275 3623 in
289 3572 364 3626 initio
381 3570 561 3622 caerimoniae
579 3561 764 3622 excitabantur
779 3573 877 3636 etpost
888 3571 915 3621 in
932 3583 1030 3638 pompa
1047 3571 1275 3627 circumfereban-

248 3659 307 3718 tur,
335 3669 457 3724 qoaeque
480 3657 508 3708 irr
525 3654 699 3724 profanorum
717 3657 888 3721 conspectum
913 3653 1036 3722 prolerre
1062 3655 1110 3723 (rat
1136 3652 1195 3724 r‘epot
1219 3654 1278 3712 ὄτι-

248 3735 415 3807 uvir·or)aut
432 3738 586 3792 disturbare
599 3733 820 3805 (συνταράττειν)
832 3736 995 3806 inexpiabile
1012 3741 1099 3795 scelos
1120 3748 1188 3808 crat,
1207 3759 1277 3813 quo-

248 3823 319 3875 niam
337 3822 414 3877 nolas
432 3822 577 3892 putabatur
596 3835 629 3873 ea
649 3818 683 3870 ab
703 3817 854 3874 hominihus
873 3837 928 3874 non
947 3825 1061 3878 initiatis
1079 3829 1195 3881 curiosis
1211 3843 1277 3882 ocu-

251 3907 284 3960 lis
302 3910 480 3971 contrectari,
507 3909 606 3976 passim
625 3902 783 3958 dicebantur
806 3908 884 3959 etiam
910 3903 1017 3978 ἄρρητα
1033 3906 1092 3982 ἱερά
1112 3912 1154 3965 rel
1173 3913 1277 3982 simpli-

249 3994 317 4048 citer
335 3989 479 4063 άπόρῥηια
498 3997 524 4045 11
542 3981 679 4060 ἐξάγιστα,
698 3989 750 4043 vni.
769 3988 881 4060 llcsyoh.
901 4006 922 4043 s.
940 3989 966 4045 h.
987 3982 1011 4046 νζ
1031 4000 1057 4046 11
1078 3994 1197 4051 Lohech.
1216 3995 1279 4067 Agl.

250 4095 276 4147 p.
295 4080 337 4136 56.
375 4075 440 4128 ilinc
459 4072 608 4143 Sophocles
627 4073 800 4141 explicandus
818 4075 923 4129 ridetur
941 4073 1032 4147 Antig·
1052 4082 1130 4136 1061.
1148 4077 1196 4134 Ι).;
1219 4100 1279 4134 ιιι-

252 4165 306 4214 νεῖ
331 4155 539 4229 (τάκίνητα,
560 4157 687 4224 arcana),
713 4157 801 4225 μόνον
825 4156 853 4213 rii
876 4160 915 4228 μή
934 4160 976 4216 ’τιν’
992 4159 1115 4235 κέρδεσιν
1129 4161 1229 4232 λέγων,
1253 4172 1281 4219 11

252 4245 317 4300 ilci.
338 4244 365 4298 C.
386 4247 468 4300 1526:
496 4237 555 4295 ἅδ’
571 4237 698 4310 ἐξάγιστα
716 4239 785 4309 μηδὲ
801 4248 963 4301 κινεῖται
978 4244 1057 4317 λόγῳ,
1082 4249 1198 4318 itemque
1215 4247 1279 4304 Vir-

250 4331 331 4400 gilius
350 4329 383 4384 dc
402 4327 464 4382 love
483 4325 513 4381 h.
533 4324 553 4389 1,
576 4328 643 4382 262:
665 4328 776 4384 volvens
795 4329 910 4384 latorum
930 4344 1063 4387 aroana
1080 4332 1235 4387 movebo.
