2768 4838
169 267 273 313 xxviii

171 455 257 499 snum
280 437 384 521 aliquo
405 439 504 502 tamen
527 434 615 499 modo
633 433 831 513 significavit,
851 434 879 496 ei
899 434 1079 515 pracsertim
1099 435 1166 499 eius
1189 435 1313 501 dictum

169 539 222 602 vel
240 541 341 602 statim
364 539 403 602 alr
423 538 506 601 initio
526 539 666 620 tanquam
679 535 867 619 apiendtdum
881 536 1037 598 exordium
1062 534 1115 599 uel
1127 537 1157 597 in
1171 541 1313 621 coaspi-

170 658 227 703 cna
255 640 331 704 aede
358 641 392 702 ut
412 640 580 720 primariam
608 641 805 719 sententiam,
836 637 1034 718 superaddita
1054 636 1206 702 interdum
1225 657 1310 721 qnar-

170 741 266 806 tlcula
287 743 402 821 enim,
426 740 601 821 collocavit,
622 743 649 804 si
667 742 757 824 plane
779 739 938 818 singulare
957 757 993 801 ac
1014 741 1166 821 proprium
1184 740 1311 807 ¹(iraeci

169 843 295 907 alicuius
314 845 447 908 auctoris
470 843 522 905 vel
545 843 656 934 dictum
680 845 731 906 uel
752 842 870 906 dicendi
889 857 990 918 genus
1010 848 1135 905 secutus
1167 846 1240 924 est,
1279 846 1310 907 ei

169 945 321 1023 integram
347 948 562 1009 sententiarum
592 948 702 1009 seriem
731 945 892 1021 servavit,
927 942 954 1002 si
988 945 1114 1007 eundem
1136 950 1308 1021 ‚auctorem

130 1130 134 1135 ,
170 1048 296 1127 saepius
326 1048 379 1110 vel
408 1050 438 1110 in
465 1048 570 1111 eodem
599 1053 780 1128 argumento
810 1045 941 1107 imitatus
967 1047 1028 1107 est.
1074 1047 1144 1133 ¹llis
1171 1051 1207 1111 at
1235 1049 1309 1113 aliis

168 1149 337 1212 rationibus
364 1152 396 1211 et
420 1151 609 1229 argumentis
639 1152 678 1214 ad
700 1155 793 1232 caput
813 1147 989 1211 imitationis
1010 1150 1167 1229 perueniri
1186 1155 1309 1233 puteat.

168 1252 302 1336 Quorum
325 1253 352 1313 si
376 1251 463 1334 plura
486 1271 583 1336 eaque
603 1257 679 1319 satis
701 1255 810 1317 idonea
834 1250 872 1312 ad
897 1249 1138 1330 persuadendum
1157 1253 1201 1316 ita
1224 1272 1307 1319 con-

169 1354 321 1434 venerint,
343 1357 377 1415 ut
400 1354 438 1416 de
461 1358 529 1437 ipsa
554 1359 684 1420 ueritate
705 1374 763 1418 non
788 1357 844 1418 iam
860 1355 1013 1434 possimus
1034 1353 1192 1417 dubitaret
1213 1355 1307 1421 loces

171 1458 313 1518 certos
339 1472 429 1536 esse,
462 1458 489 1518 si
519 1458 634 1541 aliquot
658 1462 756 1520 tumen
781 1475 838 1520 nec
863 1455 1054 1538 spernendae
1075 1457 1211 1521 rationes
1235 1478 1306 1524 ma-

170 1574 261 1633 gnam
282 1555 370 1618 nobis
391 1559 532 1622 veritatis
553 1561 687 1642 speciem
710 1559 890 1638 obtulerint,
919 1560 1038 1621 etiamsi
1067 1563 1205 1641 vestigia
1232 1564 1305 1627 irni-

170 1657 295 1719 tatlonis
311 1662 410 1722 mente
425 1661 525 1739 magis
548 1680 634 1743 qnam
649 1661 745 1723 oculis
767 1664 938 1743 cernantur,
965 1661 1207 1743 prohabiles
1230 1684 1307 1731 csse

170 1759 257 1824 locos
285 1766 371 1825 recte
400 1763 608 1826 iudicabimus.
654 1765 762 1828 Tertia
799 1763 928 1846 denique
957 1764 1065 1827 classe'
1089 1762 1306 1847 comprehendi

170 1861 256 1926 locos
275 1864 426 1944 dubios,
450 1864 499 1925 ubl
515 1865 629 1927 animus
647 1867 802 1930 inclinavit
817 1868 933 1951 quidem
950 1868 1176 1931 utGraecorum'
1190 1886 1303 1933 exem-

169 1965 266 2047 plaria
282 1967 408 2030 Horatio
424 1967 591 2031 obversata
613 1985 684 2030 esse
704 1969 867 2050 divinaret,
888 1989 944 2035 nee
967 1975 1065 2034 minen
1085 1971 1117 2033 id
1136 1970 1205 2035 aliis
1222 1990 1304 2055 pro-

168 2069 312 2133 babiliter
333 2070 511 2152 persuaderi
533 2073 644 2152 potuit,
671 2071 725 2133 sed
751 2090 813 2135 rem
835 2072 952 2134 dubiam
978 2090 1048 2134 esse
1072 2073 1204 2151 ingenue
1223 2092 1300 2139 con·

168 2169 310 2233 fiteudum
334 2173 399 2234 luit.

272 2273 409 2354 Delude‚
427 2276 565 2357 quoniam
588 2275 733 2337 Horatius
754 2276 783 2337 in
813 2277 967 2341 formando
989 2282 1077 2340 etiam
1098 2279 1302 2342 orationis
1323 2358 1326 2363 Ι

169 2373 307 2438 colore
330 2377 405 2439 etin
428 2375 549 2438 rebus
572 2376 672 2440 multis
694 2396 730 2440 se
752 2381 789 2441 ad
804 2380 986 2443 Graecorum
1009 2381 1201 2447 imitationem
1214 2400 1302 2444 oom-

169 2479 290 2559 posuit,
325 2478 372 2541 his
412 2496 532 2562 quoquc
566 2479 733 2542 rationibus
761 2482 979 2562 providendum
1012 2486 1096 2545 ratus
1125 2482 1303 2564 interpretis

169 2597 292 2643 munere
316 2582 438 2646 iunctus
459 2601 541 2663 sum,
571 2582 626 2644 sed
651 2580 706 2644 hac
728 2583 802 2662 lege
824 2585 984 2666 imposita,
1016 2588 1050 2646 ut
1078 2601 1115 2645 en
1142 2583 1304 2649 dumtaxat

169 2685 375 2766 conquirerem
410 2703 487 2767 quac
515 2689 568 2749 aut
595 2686 633 2747 ad
669 2686 827 2750 dictionem
858 2686 1074 2749 Graecanicam
1102 2689 1155 2750 aut
1184 2686 1222 2748 ad
1249 2703 1303 2747 res

46 2818 53 2833 x
169 2783 304 2849 Graecas
326 2787 520 2851 illustrandas
541 2791 716 2853 necessaria
737 2809 808 2854 esse
829 2789 1017 2854 viderentur.
1040 2785 1143 2871 Atque
1166 2789 1196 2850 in
1218 2789 1303 2851 inie-

167 2893 237 2968 gris
265 2890 382 2973 quidem
410 2892 513 2953 verbis
542 2889 669 2955 Graecis
697 2895 823 2957 civitate
844 2893 979 2954 Romana
1011 2889 1156 2953 donandis
1184 2907 1302 2953 seuera

168 3010 298 3054 censura
320 3012 394 3054 usus
417 2990 534 3073 θείω),
556 2995 685 3076 licumque
708 2996 737 3055 in
758 2994 1028 3077 compositionibus
1045 2993 1207 3056 verborum
1223 2997 1257 3056 et
1271 2993 1303 3055 in

168 3092 399 3156 declinationum
421 3095 524 3156 formis
546 3098 578 3155 ei
596 3095 625 3155 in
640 3099 799 3158 structuris
821 3117 856 3160 ao
877 3096 986 3175 liguris
1007 3096 1041 3156 si
1063 3110 1160 3177 quae
1179 3091 1303 3157 Graeco

169 3196 281 3257 fonte
299 3196 622 3259 cecidissentnon
639 3198 850 3279 comprobavit
864 3199 921 3260 nisi
938 3215 1087 3279 „parce
1110 3195 1303 3259 detorta“

170 3297 225 3376 (Α.
239 3297 274 3361 Ρ.
289 3298 333 3362 52
354 3299 418 3382 sq.)
436 3294 491 3376 5⁰).
535 3297 566 3360 A
588 3316 647 3380 qua
667 3317 781 3363 summa
802 3301 877 3379 lege
897 3320 953 3363 sua
975 3305 1174 3383 utnusquam
1195 3297 1301 3362 desci-

167 3401 224 3481 vit,
244 3402 287 3464 m
310 3402 339 3463 in
360 3402 491 3480 singulis
514 3401 633 3465 dicendi
653 3390 820 3480 generibus
841 3404 1022 3482 effingendis
1056 3423 1074 3467 a
1095 3402 1187 3465 solito
1208 3406 1303 3484 atque

169 3505 248 3568 inani
270 3505 462 3568 formularum
486 3523 559 3584 usu,
585 3522 672 3585 quem
695 3504 842 3584 Virgilius
867 3507 1022 3589 ceterique
1048 3503 1207 3588 ailquando
1231 3516 1301 3566 am·

175 3677 376 3688 ..ua-n*-

201 3789 251 3858 49)
269 3789 327 3845 Vid.
348 3789 405 3845 Sat.
431 3787 456 3851 l,
482 3798 530 3855 10,
549 3799 584 3847 20
599 3822 633 3830 —
650 3799 694 3849 30.
719 3791 751 3847 de
773 3792 877 3850 Lucilio
911 3794 1063 3862 ‚,Cannsini
1089 3806 1163 3846 more
1189 3789 1300 3844 bilin-

273 3877 379 3945 guis·‘
413 3875 511 3928 locuto.
555 3873 682 3947 Exempla
707 3875 871 3945 callente,
898 3877 1017 3942 Lucilio,
1046 3879 1161 3947 ipsoque
1186 3873 1302 3930 Horatio

273 3963 403 4030 congesta
420 3959 470 4012 tibi
489 3957 626 4016 commode
645 3962 854 4031 suppeditabunt
870 3961 1012 4016 Passov.
1034 3969 1089 4016 not.
1109 3964 1167 4017 141.
1189 3956 1302 4015 Orell.

271 4044 306 4098 ad
325 4046 340 4097 l.
358 4059 379 4103 c.
401 4044 542 4100 Wetzel.
562 4045 618 4099 lior
640 4045 707 4116 Opq.
726 4045 782 4102 lnd.
800 4048 874 4119 Synt.
901 4066 925 4118 p.
944 4045 1221 4107 carcassonam.
1241 4052 1301 4105 181.

203 4161 250 4228 50)
273 4159 398 4216 Bernln
420 4162 447 4212 in
467 4174 538 4212 oens.
555 4157 676 4213 Peerilr:
702 4160 865 4224 „llorazens
891 4158 1046 4217 (iricismcn
1072 4169 1160 4217 treton
1186 4162 1301 4231 nirgend

270 4247 341 4301 allzu
359 4244 462 4300 schroll
478 4246 530 4300 und
549 4262 606 4300 zum
638 4242 777 4299 Nochtheil
797 4246 845 4300 der
864 4245 1042 4302 Dentliclrlreit
1060 4249 1125 4317 (wie
1144 4253 1211 4301 etwn
1232 4247 1301 4301 bcim

272 4329 406 4402 Propera)
425 4329 535 4388 lr'emor.
624 4412 628 4420 .
