2768 4838
163 188 300 307 104⁶

162 430 230 492 dem
253 428 388 491 Anaxila
409 426 563 491 transtulit
580 428 716 491 -hnarrtas
738 430 767 490 in
791 429 842 490 Br.
867 427 957 490 Amal.
980 428 1019 508 ll,
1041 427 1135 509 336„
1159 430 1291 495 Authol.

154 532 228 597 Pal.
251 530 291 610 ll,
314 527 389 609 387,
408 529 517 610 lhplgr·
542 527 597 609 88,
621 530 667 593 l.:
690 527 769 596 Or’r'ra
788 534 932 612 Χίμαιρα
954 534 1104 596 τοσοῦτον
1123 531 1210 598 ἔπνει
1233 561 1290 598 να-

163 629 233 713 urla,
259 629 277 711 ἤ
297 627 378 696 καθ’
394 630 557 713 Ὅμηρον,
578 665 623 691 .-
645 628 705 715 οιῗχ
724 631 880 716 Ἁρπυιῶν
902 628 940 696 tol
962 631 1108 715 περισσοὶ,
1128 636 1223 718 (ὅσον
1247 633 1288 701 σι)
1335 698 1345 707 ,

162 732 362 817 Τελέσιλλα)ε
382 752 555 815 quamquam
575 738 699 817 proprie
722 739 785 799 oris
806 738 954 798 foetorem
968 737 1057 799 dixit.
1084 740 1170 803 liaeo
1185 744 1289 802 urnula

162 843 261 903 autem
274 822 592 901 lilitsuhe.rliohii
613 839 670 899 iam
695 838 854 916 diligentia
876 841 1075 920 comparavit,
1098 841 1176 903 node
1190 841 1288 904 Orel-

160 943 219 1003 lius
240 941 391 1023 proiecit,
425 940 459 1002 et
487 941 571 1002 reete
594 941 729 1023 quidem,
756 942 782 1002 si
811 960 857 1003 me
880 942 1027 1005 consulis.
1071 942 1178 1024 Neque
1206 945 1287 1004 enim

160 1046 301 1127 prolecto
323 1043 439 1123 dnhilo,
459 1042 529 1126 qnin
551 1041 696 1106 Horatius
717 1054 751 1106 u.
774 1039 817 1106 23
837 1062 899 1126 squ

366 1143 443 1206 Vix
466 1136 672 1223 illigatum
694 1149 733 1208 te
758 1140 935 1208 triformi

347 1245 552 1325 Pegasus
574 1248 768 1329 expediet
790 1245 996 1311 Chimaera
1120 1286 1123 1291 -

161 1349 267 1412 eodem
287 1348 480 1428 respexerit,
508 1364 684 1431 quamquam
714 1349 782 1430 ipso
810 1365 931 1430 qnoque
952 1347 1128 1428 simpliciter
1155 1348 1192 1409 ad
1218 1349 1285 1409 llo-

161 1470 274 1515 rnernm
294 1466 351 1512 nos
371 1451 489 1512 reieuit.
529 1448 651 1535 Quippe
674 1470 763 1532 quum
785 1451 1006 1513 triformem
1022 1445 1209 1525 Chimaeram
1234 1453 1286 1512 di-

161 1556 258 1631 eeret,
271 1568 332 1615 non
345 1551 416 1634 plus
437 1552 498 1614 sihi
519 1551 619 1615 noluit
632 1571 720 1634 qnam
734 1552 841 1615 Lucilii
863 1551 934 1612 illud
952 1556 1000 1614 est
1009 1544 1066 1630 ’,,ἧ
1079 1547 1212 1616 καθ’*Ὀ
1217 1580 1242 1633 μ
1251 1580 1284 1629 η-

161 1654 276 1740 ρον“;
294 1651 332 1715 ll.
357 1651 411 1735 Vl,
436 1651 497 1720 181
520 1672 597 1737 amr

262 1749 390 1838 πρόσθε
409 1756 498 1835 λέων,
517 1751 632 1821 ὄπιθεν
651 1759 686 1820 δὲ
706 1748 844 1838 δράκων,
863 1753 964 1834 μέσση
984 1755 1016 1817 δὲ
1037 1755 1181 1838 χίμαιρα,
1232 1790 1236 1796 -

172 1846 176 1853 ’
258 1850 359 1924 δεινὸν
381 1842 596 1923 ἀποπνείουσα
620 1852 720 1939 πυρὸς
737 1856 831 1936 μένος
852 1856 1047 1936 αἰθομένοιο.

146 1959 315 2023 -lntellexit
337 1959 413 2020 enim
435 1961 502 2023 sine
523 1960 614 2023 dnhio
635 1961 854 2042 πορπνέουοον
882 1956 963 2018 illam
984 1960 1016 2018 et
1044 1951 1286 2037 „adprehendere

157 2063 284 2127 notium
313 2052 407 2126 νακὸν
432 2044 693 2147 ἄνθρῶποιοιβ,
726 2064 759 2121 ut
787 2061 830 2121 ait
859 2050 936 2119 idem
966 2052 1115 2146 Humerus
1137 2060 1173 2123 ll.
1196 2061 1284 2139 xvi,

158 2166 244 2246 329,
266 2183 325 2229 non
351 2182 427 2227 vero
458 2166 604 2243 „variam
625 2168 658 2227 et
682 2160 941 2239 inconstantom“.
971 2161 1177 2244 ¹hiandemqne
1198 2154 1283 2225 'enn-

147 2271 224 2332 -dern
244 2269 343 2332 seculi
364 2266 527 2346 Euripides
552 2266 620 2328 Jun·
647 2263 721 2328 903.
751 2268 972 2345 πυρπνὲοοσαν
1000 2261 1195 2347 τρνσαῖμαιος
1221 2262 1284 2330 α’λ-

157 2364 224 2449 nolu,
247 2368 397 2431 Pindarus
419 2365 469 2429 0l·
490 2366 588 2448 Xlll,
610 2365 664 2431 87.
686 2367 722 2428 Β.
749 2370 813 2449 πῦρ
834 2368 1001 2444 πνέοισαν,
1032 2367 1185 2431 Anaxilas
1208 2367 1230 2428 Ι.
1252 2389 1281 2431 c.

146 2466 330 2556 πορπνόον,
349 2471 571 2551 repudiatione
590 2473 714 2532 nocant.
757 2467 808 2530 Ad
834 2469 994 2531 Homerum
1020 2472 1108 2532 etium
1129 2471 1283 2549 respexit,

156 2575 237 2658 qnod
266 2573 467 2651 illigatum
496 2570 593 2651 dixit,
612 2589 660 2632 so.
683 2569 814 2631 ilexihns
837 2568 1030 2651 Chimaerae,
1060 2589 1137 2653 qnae
1166 2567 1283 2635 ὄπιθεν

155 2674 276 2759 δράκων
296 2678 356 2736 est.
400 2673 486 2759 Quod
508 2678 608 2737 autem
630 2673 780 2750 Pegasi
812 2690 872 2753 ope
893 2692 911 2734 a
934 2672 1171 2753 Bellerophonte
1193 2677 1282 2736 noei-

154 2799 218 2843 eam
239 2777 409 2856 significat,
433 2777 465 2838 ld
486 2777 584 2840 nesuit
608 2775 774 2854 Homerus,
798 2775 910 2838 addunt
928 2776 1140 2856 Hesiodus,
1161 2776 1281 2839 Pinda-

154 2900 217 2960 rus,
239 2880 410 2960 lluripides,
432 2896 557 2961 qnorum
578 2878 629 2939 ille
653 2878 683 2939 in
707 2875 828 2954 Theog.
850 2876 931 2941 325:
975 2878 989 2955 j

275 2975 338 3055 Τὴν
360 2981 418 3060 μὲν
437 2976 587 3061 Πήγασος
608 2972 669 3044 εἷλε
690 2983 743 3057 καὶ
763 2975 877 3054 ἐσθλός
898 2976 1157 3064 Βελλεροφόντης.

574 3195 704 3276 Cdrttt.
732 3196 764 3291 lt
792 3194 854 3274 28.
950 3212 952 3217 '

511 3326 569 3386 Aa
585 3326 727 3388 umbram
748 3326 921 3408 Archytae.

254 3471 302 3535 De
321 3467 497 3536 Archilochi
519 3477 573 3536 ant
595 3471 848 3553 hyriei.alieuius
866 3471 978 3534 Graeci
1000 3471 1175 3549 imitatione,
1198 3488 1279 3552 quae

152 3573 191 3637 ah
212 3573 341 3637 Horatio
363 3575 444 3636 lucta
469 3575 567 3637 videri
591 3575 719 3656 possit„
740 3574 797 3635 iam
826 3573 976 3641 refutavit
1000 3572 1132 3635 Orellius
1155 3574 1183 3632 in
1205 3571 1278 3632 lix-

151 3692 251 3737 enrsn.
274 3672 413 3757 „Gerte,
435 3678 547 3760 iuquit,
570 3679 597 3739 si
622 3676 789 3754 Horatius,
811 3675 894 3758 qnod
914 3693 973 3737 nos
994 3693 1122 3757 prorsus
1144 3674 1277 3751 ignora-

150 3794 228 3853 mus,
249 3773 397 3837 Graecum
419 3777 540 3860 aliquod
554 3780 691 3840 secutus
713 3780 762 3839 est
786 3777 955 3859 exemplar,
977 3776 1104 3857 lyricum
1127 3793 1186 3837 non
1208 3776 1278 3855 luit,

149 3879 332 3961 qnampnst
349 3894 458 3945 novem
482 3878 611 3958 hyrioos
633 3878 749 3940 vixerit
773 3877 939 3960 Archytas,
963 3879 1102 3962 aequalis
1125 3877 1277 3950 Platonis3

123 4026 126 4033 -
147 3971 373 4043 meantium
393 3980 556 4046 ueletiam
578 3981 764 4062 epigramma
787 3980 1015 4044 Alexandrinae
1036 3980 1176 4043 aetatis.
1205 3977 1277 4040 Ve-

147 4100 213 4147 rnnr
241 4080 481 4163 significationes
509 4083 580 4145 illae
605 4082 749 4149 litoris
778 4082 919 4145 illatini
952 4088 985 4148 et
1014 4081 1215 4144 Venusiae
1245 4080 1276 4140 in

147 4182 295 4257 timaeum
316 4189 437 4269 poetam
465 4187 605 4267 prolecto
633 4205 691 4247 non
722 4184 933 4263 cadunt,.sed
962 4187 1107 4265 propriae
1133 4183 1278 4247 videntur

147 4284 302 4351 Horatil“.
346 4289 453 4369 Addo,
486 4305 523 4350 ne
552 4287 624 4349 illud
656 4287 773 4370 quidem
796 4284 961 4349 verisimile
992 4304 1081 4367 esse,
1117 4286 1276 4350 Horatium
