2768 4838
1169 286 1258 332 nrvn

126 451 259 512 minimas
290 455 395 532 partes
425 451 612 515 adhibeatur.
668 456 770 520 Potuit
804 456 879 517 enim
911 454 1055 525 Horatius
1083 455 1120 516 ils
1147 473 1253 541 exem-

125 549 260 631 plaribus
289 557 404 620 omnino
435 559 492 636 nti,
521 575 617 638 neque
651 560 749 619 tamen
779 556 901 635 singula
923 556 1019 617 uerba
1044 557 1269 628 senientiasre

125 654 274 733 colligere
292 657 345 718 'arnt
363 659 458 721 omnia
474 661 564 723 anxie
582 677 785 726 conservare:
807 646 837 719 ld
853 658 934 740 quod
958 661 986 720 ei
1008 660 1036 719 in
1058 676 1140 720 more
1159 658 1254 737 inisse

125 758 181 816 iam
209 777 312 839 suppra
333 760 470 826 vidimus.
515 761 578 825 Sed
608 762 742 844 quoniam
776 759 833 835 hoo
862 777 981 842 qnoque
1012 761 1160 840 uidimus,
1187 777 1253 822 eam

124 857 314 921 imitationem
340 860 379 922 ab
402 861 507 923 eodem
524 881 580 944 per
600 864 825 925 diversissimos
848 862 934 928 locos
955 862 1122 941 dispersam
1146 861 1252 940 inisse,

125 963 157 1021 ut
188 979 245 1022 non
269 961 307 1050 d‘e
328 963 444 1043 scripto
466 965 521 1026 sed
545 985 586 1028 ex
614 968 755 1029 memoria
784 960 961 1046 plerumque
983 964 1067 1027 iacta
1095 963 1253 1040 videatur,

123 1059 243 1123 Graeca
261 1061 380 1126 Horatii
402 1067 614 1149 interpretatio
636 1087 674 1130 eo
694 1067 870 1145 diligentior
894 1084 964 1130 osse
986 1065 1088 1146 debet,
1110 1082 1169 1146 quo
1192 1081 1254 1126 ve-

122 1165 186 1225 rius
210 1167 297 1246 quasi
319 1165 460 1246 disperse
477 1169 670 1232 disiectorum
685 1170 880 1232 membrorum
903 1167 1044 1231 collectio
1065 1165 1171 1228 vocari
1192 1183 1254 1246 po·

123 1270 196 1327 test.
237 1268 462 1347 Saepenumero
492 1275 589 1334 mente
620 1274 722 1353 potius
756 1290 842 1353 quam
872 1270 968 1333 oculis
995 1268 1144 1349 cernitur,
1176 1266 1254 1328 insi·

123 1384 215 1444 gnem
238 1369 384 1449 quandam
408 1371 517 1436 Graeci
545 1374 703 1454 scriptoris
727 1373 907 1434 sententiam
938 1372 976 1435 ab
1006 1368 1134 1432 Horatio
1166 1383 1255 1450 arre-

123 1473 205 1548 ptam
228 1473 261 1530 et
285 1475 499 1550 pertractatam
525 1491 606 1555 esse,
631 1476 712 1537 utin
733 1473 837 1536 verbis
858 1473 974 1554 quidem
997 1471 1079 1534 nulla
1096 1469 1254 1532 admodum

122 1570 285 1633 slmilitudo
299 1579 462 1655 appareat,
484 1578 510 1637 si
534 1580 630 1639 tauron
651 1577 853 1639 inventionem
877 1578 1022 1638 ettotam
1045 1576 1139 1634 artem
1164 1569 1255 1652 paulo

123 1675 293 1735 accuratius
317 1677 500 1759 inspexeris,
520 1695 578 1740 non
597 1681 700 1760 possis
720 1678 871 1756 dubitare,
889 1677 960 1760 quin
981 1694 1045 1737 eam
1071 1674 1255 1738 Graecorum

123 1775 223 1836 studio
245 1775 367 1840 debeat.
412 1777 478 1840 Nec
498 1797 566 1842 raro
584 1781 706 1843 duorum
725 1781 879 1842 anctorum
901 1777 1069 1839 sententias
1091 1776 1144 1839 rel
1166 1779 1255 1839 acute

123 1876 205 1940 dicta
236 1877 289 1941 nel
317 1879 376 1942 duo
406 1882 571 1961 proverbia
602 1884 631 1943 in
667 1900 754 1942 unum
791 1878 952 1955 conflauit,
989 1882 1067 1961 quod
1099 1881 1256 1943 imitatoris
1361 1891 1365 1896 “

123 1981 183 2040 est.
197 1973 246 2060 ⁴⁷)

225 2079 259 2141 ln
288 2077 345 2158 bac
370 2082 465 2160 igitur
495 2100 589 2164 opera
618 2100 705 2164 quum
723 2079 794 2143 nibil
815 2083 965 2164 antiquius
986 2081 1139 2144 habuerim
1162 2099 1264 2163 quam·

124 2187 157 2246 ut
172 2183 375 2263 explorarem,
398 2202 541 2266 quaenam
564 2185 751 2265 potissimum
774 2183 961 2264 exemplaria
983 2181 1102 2248 Graeca
1125 2186 1158 2248 et
1178 2201 1255 2266 qno·

123 2305 190 2348 nam
211 2285 298 2348 modo
316 2284 462 2354 Horatius
486 2289 618 2352 imitatus
639 2289 740 2348 esset:
762 2286 886 2367 primum
909 2292 1012 2347 omnes
1035 2286 1139 2367 locos,
1161 2290 1256 2369 quot·

124 2392 198 2472 quot
213 2405 254 2472 erp
269 2388 397 2453 Graecis
421 2389 621 2471 scriptoribus
636 2389 832 2470 expressisse
858 2387 1029 2471 uidebatur,
1054 2389 1201 2474 congessi
1224 2391 1257 2453 et

123 2493 152 2552 in
167 2491 347 2572 tripartitum
370 2497 581 2573 certorum,
604 2491 877 2578 probabilium,
902 2491 1105 2555 dubiorum
1123 2490 1256 2571 ordinem

123 2578 242 2673 digessi
250 2590 295 2674 ⁴⁸)
315 2595 433 2665 Primos
447 2597 523 2669 enim
546 2613 601 2658 eos
622 2595 780 2675 proposui,
801 2611 878 2676 quos
900 2597 1003 2656 certos
1024 2613 1052 2656 s.
1075 2594 1254 2656 manifestos

124 2697 268 2760 dixerim:
297 2697 326 2757 in
357 2698 465 2778 quibus
493 2698 612 2780 quidem
642 2699 694 2758 ant
722 2696 788 2777 ipse
812 2696 957 2775 Horatius
987 2700 1139 2759 auctorem
1169 2713 1255 2758 sunm
1360 2691 1362 2696 ’

124 2799 305 2876 nominauit,
326 2802 378 2861 aut
400 2800 575 2866 imitationis
598 2801 735 2876 uestigia
755 2801 798 2861 ita
819 2801 925 2876 aperte
949 2799 1108 2879 unicuique
1127 2797 1157 2858 in
1178 2815 1256 2859 ocu·

125 2900 173 2962 los
195 2900 365 2978 incurrunt,
384 2904 418 2963 nt
439 2919 535 2982 prope
558 2920 610 2963 res
631 2901 699 2981 ipsa
718 2900 871 2980 loquatur.
914 2895 991 2962 'Pam
1013 2916 1166 2980 expressa
1185 2898 1254 2959 imi-

126 3002 247 3065 tationis
276 3003 417 3082 excmpla
443 3021 600 3084 perpauca
630 3003 711 3083 apud
731 3000 887 3063 Horatium
917 3003 1126 3089 exstant;·in
1144 3001 1255 3064 ceteris

124 3108 223 3167 autem
246 3102 355 3164 multas
374 3109 407 3168 et
430 3106 555 3169 idoneas
578 3125 704 3170 caussas
726 3104 891 3168 convenire
913 3119 1043 3166 necesse
1059 3110 1117 3188 ert,
1143 3107 1176 3168 ut
1196 3122 1254 3187 pro

125 3212 236 3272 certo
250 3205 388 3274 abinmari
403 3209 505 3287 liceat,
520 3209 712 3273 irritationem
727 3226 799 3270 esse
819 3208 941 3270 iactam.
964 3208 1028 3271 Nec
1049 3208 1116 3270 sola
1141 3207 1254 3272 suflicit

124 3311 361 3376 Solroliastarum
382 3315 414 3373 et
437 3310 506 3374 VV.
532 3311 603 3373 DD.
626 3313 808 3390 auotoritas,
836 3310 945 3388 gravis
971 3326 1044 3370 sane
1067 3329 1123 3392 per
1144 3329 1179 3374 se
1199 3329 1256 3374 nec

126 3414 361 3492 contemnenda,
389 3413 444 3475 sed
474 3416 503 3474 in
531 3413 589 3476 boc
612 3415 729 3497 quidem
761 3430 888 3493 campo,
920 3412 953 3471 ut
980 3411 1129 3491 vidimus,
1156 3431 1253 3493 saepo

125 3518 260 3591 lubrica3
301 3533 413 3592 magna
443 3534 519 3577 vero
547 3516 724 3579 documenta
752 3519 839 3593 sunt,
875 3514 901 3573 si
929 3512 1075 3576 Horatius
1102 3515 1255 3575 auctorem

160 3797 206 3858 47)
225 3791 369 3861 Complura
394 3787 421 3840 id
445 3802 530 3857 genus
550 3789 670 3857 exempla
685 3787 794 3857 >collegi
817 3787 851 3840 ad
872 3787 899 3839 ll.
920 3785 946 3847 l,
967 3793 1009 3845 28.
1029 3793 1105 3846 extr..
1134 3791 1178 3858 qui
1197 3791 1255 3858 ipse

230 3879 306 3931 loous
330 3875 384 3944 (vs.
402 3878 437 3929 30
453 3900 488 3911 -
504 3871 552 3939 34)
577 3887 609 3927 er
629 3872 717 3927 llom.
744 3872 793 3927 0d.
816 3871 868 3937 xl,
893 3876 928 3929 66
947 3887 1023 3943 seqq.
1050 3880 1076 3927 et
1096 3871 1253 3943 Aeschyl.

231 3962 323 4032 Suppl.
345 3962 506 4016 isid-437.
524 3956 554 4011 D.
573 3957 752 4026 probabiliter
770 3958 876 4012 videtur
894 3960 1057 4028 compositus
1076 3974 1145 4012 esse.

161 4096 209 4165 48)
229 4092 258 4145 ln
278 4091 318 4144 bis
336 4089 380 4144 Fr.
400 4088 432 4144 A.
453 4087 548 4143 Woll
553 4089 580 4141 ii
605 4086 662 4140 lere
688 4087 839 4141 rationibus
858 4086 1001 4140 obsecutus
1026 4101 1098 4149 snm,
1127 4101 1193 4155 quas
1213 4088 1256 4141 ille

232 4177 374 4245 proposuit
397 4176 425 4228 in
448 4171 538 4227 Praei.
556 4176 584 4226 in
602 4169 805 4225 Marcellianam
824 4176 891 4225 extr.
912 4175 938 4223 et
958 4172 984 4222 in
1005 4168 1092 4224 Orati.
1118 4170 1160 4225 lV.
1181 4189 1196 4241 p
1224 4182 1255 4229 31

231 4276 300 4331 sqq„
316 4265 344 4314 ut
359 4275 449 4314 rernm
469 4266 496 4313 et
513 4262 622 4312 certum.
642 4257 870 4319 verisimillimum,
889 4253 1055 4326 probabilem
1069 4258 1256 4320 coniecturam,

233 4346 424 4400 divinationem
446 4346 619 4400 discerneret.
963 4360 966 4367 ⁴
